1945 3041
398 431 605 482 Quoniam
636 429 692 473 ad
722 429 850 473 finem
887 430 1148 485 quaestionis
1184 431 1374 486 perveni,
1406 434 1553 484 restat,
1582 435 1630 474 ut
1659 442 1773 480 sum·-

262 513 378 543 mam
414 499 721 554 cogitationum
757 512 946 542 mearum
995 497 1242 541 subducam.
1303 498 1445 555 Atque
1489 492 1788 561 elocutionem>

244 567 433 624 ,quidem
462 567 673 625 Propertii
704 581 757 612 ex
790 568 942 611 ceteris
973 568 1111 624 poetis
1142 567 1349 625 pendere,
1387 567 1640 625 praesertim
1676 562 1773 612 cuin

262 650 408 680 omnes
439 641 593 693 poetae
626 637 781 680 aetatis
812 636 993 690 Augusti
1025 637 1234 680 artissime
1272 637 1383 679 inter
1418 650 1463 680 se
1500 636 1775 691 cohaereant,

261 706 347 749 iam
378 706 549 763 saepius
569 706 648 748 viri
669 704 905 748 doctissimi
937 718 1031 748 cum
1065 704 1153 759 alii,
1185 708 1275 748 tum
1302 706 1488 749 maxime
1510 704 1774 761 Zingerleius
1811 737 1820 742 -

261 774 678 818 demonstraverunt:
711 775 860 830 quain
881 788 926 817 re
958 788 1010 817 ex
1042 775 1103 817 eis
1134 774 1406 829 carminibus,
1437 788 1545 830 quae
1575 773 1774 830 equidem?

261 843 492 887 tractanda
528 843 632 886 mihi
671 844 885 900 proposui,
923 847 969 885 ut
1004 843 1120 886 locos
1151 843 1283 886 talem
1313 842 1634 886 similitudinem
1666 840 1771 900 prae

264 927 308 955 se
330 912 514 956 ferentes
535 912 679 969 plures
701 916 743 954 et
764 911 977 968 pleniores
991 911 1240 965 conferrem,
1261 911 1439 955 fortasse
1461 908 1564 955 mihi
1579 902 1769 966 contigit.

400 980 447 1023 In
471 984 721 1034 argumento
744 983 887 1022 autem
918 974 1224 1032 conformando
1244 977 1510 1036 Propertium
1527 978 1777 1037 complures

260 1055 454 1092 auctores
490 1053 680 1092 secutum
719 1062 828 1101 esse,
875 1062 926 1090 ex
964 1048 1045 1090 hoc
1081 1060 1175 1090 meo
1212 1048 1358 1090 libello
1395 1049 1483 1090 fore
1520 1053 1568 1090 ut
1603 1048 1771 1092 eluceat

259 1130 396 1175 sper0.
443 1117 628 1169 Quorum
648 1130 906 1173 quamquam
927 1116 1114 1159 maxime
1135 1114 1339 1159 Varronis
1370 1115 1502 1160 libros
1532 1115 1586 1161 de
1612 1116 1765 1177 ‚lingua

258 1188 409 1242 latina,
441 1188 598 1243 quippe
628 1187 698 1241 qui
731 1186 808 1229 soli
848 1200 944 1228 cum
982 1185 1102 1228 libris
1133 1185 1186 1228 de
1222 1199 1267 1228 re
1300 1186 1459 1229 rustica
1490 1186 1547 1230 ad
1578 1191 1769 1231 nostram

260 1261 446 1299 aetatem
478 1256 768 1312 pervenerint,
807 1255 1043 1308 nominavi,
1082 1260 1227 1308 tamen
1259 1254 1315 1298 ad
1346 1267 1417 1298 eos
1448 1255 1560 1299 solos
1590 1255 1768 1314 Proper·
1813 1256 1818 1261 ”

258 1326 365 1367 tium
397 1326 633 1381 respexisse
666 1336 749 1366 non
788 1323 1026 1380 putandum
1063 1328 1145 1376 est,
1191 1324 1320 1366 immo
1357 1324 1652 1367 coniciendum
1690 1329 1768 1380 est,

259 1398 432 1449 poetam
468 1393 523 1436 ad
555 1392 760 1437 Varronis
791 1395 920 1438 Aetia
956 1399 998 1437 et
1035 1394 1091 1437 ad
1128 1394 1259 1437 libros
1296 1393 1349 1436 de
1379 1395 1468 1437 vita
1506 1394 1654 1450 populi
1683 1393 1768 1437 Ro-

258 1462 375 1504 mani
407 1467 448 1504 et
480 1461 532 1504 de
565 1463 891 1518 antiquitatibus
922 1464 1172 1519 saepissime
1212 1463 1455 1506 accessisse.
1516 1461 1583 1505 Illi
1623 1466 1770 1508 autem

258 1530 356 1572 libri
388 1530 441 1572 de
470 1530 620 1583 lingua
655 1531 793 1574 latina
832 1545 857 1573 a
894 1531 1015 1573 nobis
1052 1530 1245 1574 adhiberi
1284 1534 1482 1587 poterant
1512 1531 1598 1573 sive
1638 1529 1767 1573 debe-

258 1598 376 1653 bant,
399 1613 493 1641 cum
516 1598 751 1642 Varronem
774 1600 909 1643 multa
930 1613 983 1642 ex
1006 1600 1156 1643 ceteris
1177 1600 1347 1656 scriptis
1368 1599 1615 1656 repetivisse
1638 1603 1767 1654 atque

261 1668 304 1709 in
336 1669 423 1710 suis
454 1669 677 1711 sententiis
708 1668 789 1711 sibi
821 1669 1060 1712 constitisse
1092 1682 1168 1725 per
1198 1682 1243 1711 se
1273 1673 1434 1725 pateat.

395 1735 479 1778 Sed
507 1748 591 1777 non
614 1737 752 1779 minus
783 1737 923 1790 velim,
955 1737 1136 1779 multum
1166 1737 1351 1779 valuisse
1383 1736 1438 1779 ad
1470 1737 1663 1779 carmina
1683 1736 1768 1778 Ro-

260 1817 392 1846 mana
412 1803 519 1846 Livii
552 1803 697 1858 libros‘,
729 1803 1126 1857 ‹lemonstraverin13
1160 1808 1287 1860 atque
1315 1809 1361 1848 ut
1381 1805 1647 1848 coniecturas
1677 1817 1768 1847 rec-

257 1877 347 1915 tam
378 1874 588 1915 rationem
618 1872 875 1916 excedentes
907 1873 1093 1926 fecerim,
1125 1878 1270 1916 tamen
1301 1875 1400 1927 quin
1430 1873 1574 1916 Livius
1604 1878 1649 1915 et
1666 1872 1768 1916 Pro-

256 1942 419 1997 pertius
451 1941 560 1984 inter
591 1955 635 1983 se
668 1941 939 1996 cohaereant,
970 1941 1041 1983 vix
1073 1940 1356 1984 dubitandum
1387 1945 1462 1985 est.

393 2010 509 2060 Quae
540 2012 575 2052 si
607 2009 915 2063 conceduntur,
963 2009 1229 2065 Propertium
1267 2011 1312 2052 in
1351 2010 1428 2053 illa
1463 2010 1604 2053 studia
1633 2011 1767 2066 scrip-

254 2083 394 2122 torum
429 2078 690 2132 incubuisse,
722 2082 768 2121 ut
803 2077 966 2133 grande
997 2081 1040 2121 et
1075 2078 1322 2121 continuum
1360 2090 1514 2135 poema
1550 2076 1766 2133 conderet,

259 2149 362 2202 quin
400 2160 547 2190 omnes
578 2149 861 2200 consentiant,
900 2147 990 2190 fieri
1029 2160 1114 2189 non
1151 2152 1303 2202 potest.
1362 2146 1508 2201 Neque
1543 2138 1767 2202 quiequam

264 2216 402 2270 magis
439 2214 671 2258 dolendum
709 2219 786 2269 est,
823 2228 950 2271 quam
987 2214 1098 2271 quod
1129 2219 1258 2271 poeta
1287 2214 1397 2258 illud¹
1423 2227 1529 2272 opus
1559 2213 1767 2259 conficere
1807 2248 1843 2285 -‘
1899 2201 1932 2225 ⁵³⁶²

254 2289 389 2327 morte
419 2285 650 2327 immatura
680 2284 914 2340 prohibitus
945 2289 1021 2327 est.
1051 2331 1055 2335 ,

1887 1121 1893 1126 ’
1912 1095 1917 1100 .
1888 1007 1903 1012 7
1874 899 1921 984 3[.4²'s*:5
1892 838 1917 880 ¹2:
1875 743 1908 814 “¹“5'1

1940 1203 1945 1213 ι
1923 1158 1939 1182 ὐ
1910 844 1945 1145 affigiffizhffigjfflfflfflss
1916 813 1926 820 ’-
1931 760 1934 762 ¹
1921 737 1926 740 .
1920 706 1924 710 ,
1937 641 1945 651 ⁴

1901 1377 1913 1401 n
1924 1353 1945 1391 '¹⁴
