1945 3041
794 235 855 257 ‚-·
913 216 1082 263 ¹1³1-—

282 345 376 403 fune
420 344 664 401 Propertius
708 347 876 386 secutus
920 356 1013 387 esse
1056 340 1242 396 videtum
1292 356 1394 386 nam
1438 342 1692 386 Callimachi

216 438 230 464 r
261 404 484 481 κ[ὀπὴρᾳιιί
505 415 699 463 ⁴aetatem
736 411 936 465 tulerunt,
961 411 1130 468 quippe
1173 412 1244 466 qni
1289 411 1483 465 fulgeant
1526 424 1694 459 summa

188 473 427 536 subtilitate
456 479 690 535 doctrinae,
721 484 898 524 careant
926 483 1071 524 antem
1100 480 1215 523 omni
1245 481 1455 524 suavitate
1485 480 1692 523 sermonis

215 551 516 628 ‘jugalium-Iti,
546 548 604 593 ad
632 548 842 605 Propertii
877 550 1027 605 poesin
1066 548 1348 592 excolendam
1383 560 1468 591 non
1512 548 1693 593 multum

185 613 419 672 contulisse
447 619 493 662 in
524 622 673 677 aperto
703 622 786 673 est3
818 619 1056 663 carminum
1085 618 1369 673 elegiacorum
1399 622 1556 673 autem,
1583 632 1692 674 quae

232 687 299 740 la
307 687 363 733 ad
383 693 574 750 nostram
593 689 887 743 quaestionem
918 688 1151 744 pertinent,
1180 691 1349 731 tantum
1377 691 1424 730 ut
1452 687 1693 741 fragmenta

156 801 161 816 Α,
189 755 247 803 ad
276 746 423 801 nostra
451 761 646 814 tempora
676 756 968 813 pervenirent,
998 755 1194 800 fortunae
1228 756 1386 799 iniuria
1422 756 1584 799 sactum
1614 760 1690 799 est.

325 837 465 891 Atque
513 850 612 879 cum
656 837 842 893 plurima
890 847 1035 879 eorum
1084 824 1255 879 nomine
1300 834 1520 879 Aetiorum
1569 835 1691 878 nobis

188 898 351 964 tradita
398 904 506 947 nihil
554 905 637 948 nisi
685 917 903 948 sacrorum
950 905 1056 947 ritus
1106 909 1180 947 aut
1238 904 1481 947 fabularum
1539 917 1692 947 causas

188 961 457 1026 contineant,
505 967 836 1025 Schneiderus¹)'
874 977 921 1015 ut
969 971 1280 1016 demonstraret
1335 983 1510 1029 operam
1559 970 1691 1037 (lenit,

160 1034 173 1057 *
189 1041 339 1095 ‘totum
374 1040 609 1095 elegiarum
658 1053 810 1097 corpus
860 1046 1030 1098 praeter
1080 1039 1295 1083 ἐπινίκιον
1340 1039 1587 1095 ἐλεγειακόν
1629 1039 1693 1089 εἰς

184 1109 401 1166 ’Σώσίβιον
448 1113 493 1155 et
539 1106 767 1164 πλόκαμον
811 1109 1052 1166 Βερενίκης
1095 1114 1138 1153 et
1182 1110 1325 1166 siquas
1369 1109 1481 1153 alias
1529 1108 1691 1165 elegias

187 1178 336 1223 oblata
380 1177 572 1226 sollemni
619 1178 764 1233 aliqua
807 1179 1031 1221 occasione
1075 1183 1204 1256 poeta
1248 1179 1437 1235 scripsit,
1477 1179 1689 1220 communi

88 1303 89 1306 Ἰ
120 1297 132 1307 Ἰ
188 1246 340 1289 Ἀἰτίων
369 1248 540 1290 nomine
577 1246 928 1305 comprehensum
964 1247 1106 1291 fuisse'
1137 1248 1165 1290 i.
1187 1261 1224 1290 e.
1246 1246 1499 1290 Callimachi
1530 1246 1690 1300 elegias

134 1331 136 1333 ·
188 1327 273 1358 non
303 1315 492 1367 diversas
521 1315 650 1358 fuisse
682 1329 709 1358 a
739 1315 998 1358 carminibus
1029 1315 1306 1369 aetiologicis.
1353 1314 1428 1357 Cui
1451 1315 1690 1358 sententiae

165 1395 224 1430 ,α’
244 1383 462 1440 Diltheyo,
492 1382 677 1438 Rhodio,
712 1383 902 1427 Rauchio
948 1384 1154 1440 probatae
1200 1382 1308 1426 adeo
1346 1396 1430 1425 non
1468 1384 1687 1436 assentior,

104 1493 107 1495 .
139 1508 144 1511 ἢ
186 1456 235 1496 ut
254 1453 393 1509 potius
413 1457 581 1496 secutus
599 1453 711 1495 viros
731 1452 877 1495 doctos
897 1453 948 1494 A.
970 1451 1168 1506 Ottium²)
1186 1457 1230 1495 et
1250 1451 1300 1495 G.
1321 1449 1584 1506 Langium3),
1615 1452 1688 1505 qui

151 1564 155 1567 .
187 1519 432 1564 Schneideri
453 1525 704 1575 argumenta
720 1520 862 1577 plane
881 1520 1184 1574 refutaverunt,
1206 1525 1366 1578 putem,
1387 1524 1477 1564 tam
1497 1519 1687 1563 diversas

187 1589 316 1634 fuisse
338 1588 465 1633 Aetia
484 1585 738 1632 Callimachi
760 1589 815 1631 ab
837 1591 898 1632 eis
918 1590 1077 1643 elegiis,
1099 1589 1252 1643 quib‘us
1273 1589 1404 1632 animi
1422 1589 1486 1632 sui
1508 1588 1686 1632 affectus

186 1663 232 1706 et
249 1656 418 1701 dolores
442 1658 711 1714 exprimeret,
743 1668 872 1710 quam
901 1657 1113 1713 Propertii
1143 1658 1337 1700 carmina
1371 1656 1424 1700 de
1454 1657 1688 1710 originibus

187 1725 391 1777 Romanis
411 1725 654 1782 conscripta
671 1725 726 1768 ab
747 1725 847 1780 illis,
869 1724 1021 1780 quibus
1040 1724 1248 1782 Cynthiae
1269 1737 1458 1769 amorem
1474 1724 1686 1769 extulerit.

147 1794 255 1838 An
298 1793 521 1838 credamus
563 1798 653 1838 tam
697 1794 978 1851 multiplicem
1022 1808 1074 1838 ac
1110 1795 1276 1838 varium
1311 1799 1439 1848 atque
1470 1795 1686 1851 copiosum

161 1851 358 1921 “poetam
388 1862 514 1906 modo
545 1874 654 1917 quae
686 1863 783 1907 aliis
804 1863 929 1907 ‘laeta
959 1877 1011 1906 ac
1040 1864 1181 1907 tristia
1210 1862 1464 1916 acciderint,
1494 1863 1686 1906 versibus

68 1933 163 1993 'ijs'
185 1929 459 1989 expressisse,
490 1944 587 1976 suos
630 1932 764 1988 ipsius
808 1931 985 1975 affectus
1015 1931 1281 1986 neglexisse?
1340 1930 1478 1983 Quid?
1537 1930 1687 1974 Nonne

152 1999 360 2044 'Ovidius
389 2004 562 2057 poetam
592 1999 824 2060 alloquitur
852 2000 973 2044 Trist.
997 1999 1050 2044 ΙΙ.
1081 1992 1184 2044 367:

205 2078 208 2080 ’
324 2129 332 2132 ,
391 2089 471 2124 nec
499 2080 592 2135 tibi,
623 2080 835 2127 Battiade,
864 2082 1014 2123 nocuit
1043 2080 1156 2134 quod
1186 2093 1315 2137 saepe
1346 2080 1505 2134 legenti

391 2148 570 2194 delicias
598 2162 721 2193 versu
751 2149 890 2193 fassus
920 2163 965 2193 es
994 2150 1086 2206 ipse
1117 2148 1242 2193 tuas?

141 2260 153 2270 2
168 2227 267 2278 *Hic
296 2241 404 2272 unus
433 2227 572 2272 Ovidii
602 2230 720 2273 locus
757 2231 930 2274 maioris
965 2231 1168 2274 momenti
1204 2229 1372 2275 videtur
1408 2241 1537 2285 quam
1581 2229 1688 2274 illud

215 2291 661 2357 uidae-testimonium
692 2314 719 2342 a
748 2299 1004 2343 Schneider-o
1041 2300 1234 2354 allatum,
1279 2299 1394 2354 quod
1422 2301 1467 2342 in
1503 2299 1687 2343 Mariani

243 2367 448 2424 ,taphrasi
459 2365 650 2425 Ἑκάλης
665 2365 811 2422 ὕμνων
825 2367 897 2411 καὶ
912 2368 995 2412 ταῖν
1014 2367 1159 2411 αἰτίων
1172 2367 1343 2411 καὶτῶν
1359 2365 1689 2423 ἐπιγραμμάτων

216 2430 482 2497 &siderentur
530 2434 706 2491 ἐλεγεῖα.
787 2437 1030 2493 Propertius
1076 2442 1219 2480 autem
1263 2442 1534 2480 enarraturus
1573 2448 1688 2490 ‹quos

228 2594 231 2595 ⁷
323 2578 354 2625 ¹)
378 2579 620 2635 Callimachea
643 2582 688 2620 ΙΙ.
712 2584 768 2620 35.

216 2648 231 2677 f
253 2640 256 2642 ’
279 2660 282 2663 -
322 2635 476 2683 ¹)-Qtto‚
501 2638 547 2674 de
570 2638 702 2676 fabulis
724 2639 968 2692 Propertianis
992 2651 1029 2686 p.
1052 2641 1086 2679 2.

320 2694 353 2739 ⁸)
377 2692 509 2742 Lange,
533 2695 579 2732 de
603 2696 814 2736 Callimachi
839 2695 964 2742 Aetiis,
989 2709 1024 2746 p.
1047 2699 1072 2735 4
1095 2709 1149 2746 sq.
