1945 3041
844 183 1128 249 ..534-

369 332 474 377 Cum
521 335 664 376 autem
708 330 1017 389 Lupercalium
1059 346 1184 377 sacra
1228 330 1488 389 permultum
1537 329 1744 387 temporis

231 414 363 458 penes
392 400 552 443 Fabios
578 404 621 443 et
640 395 890 450 Quinctilios
920 399 1049 444 fuisse
1081 405 1227 443 notum
1256 400 1325 454 sit,
1364 403 1429 442 est
1458 399 1612 441 mirum
1634 396 1763 449 Pro-j

232 470 417 526 pertium
448 467 561 512 solos
590 466 750 511 Fabios
778 466 975 512 laudare:

465 535 579 579 unde
609 535 745 580 licens
775 535 940 580 Fabius
969 550 1093 581 sacra
1121 536 1319 594 lupercus
1350 535 1493 579 habet.

232 605 316 650 Sed
353 619 609 661 quamquam
639 604 872 655 Fabiorum
909 610 1080 660 gentem
1115 606 1388 649 vetustiorem
1423 603 1554 648 fuisse
1589 603 1745 655 Quinc,
1810 593 1813 595 ’
1838 602 1839 605 ¹
1861 576 1876 595 ‘⁸
1899 606 1927 641 2„

231 674 336 718 tiliis
380 675 493 717 inter
537 673 694 718 multos
724 678 913 730 constat,
958 677 1103 718 tamen
1149 671 1317 729 dubito,
1362 685 1464 716 num
1501 670 1745 730 Propertius

231 744 343 786 hanc
372 744 854 799 temporum-rationem
885 741 1189 800 praedicandis
1218 741 1368 785 Fabiis
1398 739 1644 795 significare
1671 751 1745 782 vo·

232 810 379 865 luerit3
410 810 553 868 potius
583 814 648 854 est
678 809 994 864 coniciendum,
1033 814 1205 868 poetam
1238 809 1390 854 eodem
1419 807 1545 853 modo
1576 808 1744 853 omissis
1805 804 1813 809 ’
1936 800 1945 843 ’Ῑ

230 879 471 931 Quinctiliis
515 878 677 922 Fabios
721 878 937 933 laudasse,
983 891 1066 935 quo
1111 883 1240 922 antea
1275 893 1313 922 v.
1345 876 1392 921 9:
1442 889 1520 935 pro
1564 872 1744 921 Romulo

229 947 428 1003 Remum,
489 948 516 990 i.
567 961 603 991 e.
653 961 785 990 unum
844 960 920 1005 pro
979 951 1156 1004 utroque
1186 947 1374 991 nomina·
1395 947 1514 991 verit.
1587 944 1781 1002 Atque·

230 1021 381 1070 gentes
427 1018 539 1059 inter
583 1029 627 1059 se
675 1007 948 1059 auctoritate*
974 1029 1101 1072 pares
1130 1016 1279 1068 fuisse,
1322 1015 1468 1069 colligi
1514 1018 1658 1071 potest
1691 1018 1745 1059 ex

230 1082 384 1127 Paullo
415 1097 458 1141 p.
481 1080 586 1126 257:
625 1083 900 1135 Quinctiliani
931 1083 1113 1141 Luperci
1151 1083 1360 1140 appellati
1400 1086 1498 1132 sunt
1535 1096 1563 1126 a
1590 1081 1746 1134 Quinc-

231 1152 326 1194 tilio
365 1150 550 1207 quodam
580 1152 652 1207 qui
681 1152 952 1209 praepositus
987 1156 1052 1195 est
1072 1151 1298 1209 Lupercis,
1334 1156 1382 1194 ut
1411 1165 1438 1194 a
1466 1149 1604 1194 Fabio
1634 1149 1746 1195 dicti

231 1224 331 1264 sunt
368 1219 555 1264 Fabiani
592 1219 774 1276 Luperci
820 1220 972 1275 quibus
1007 1220 1077 1263 hic
1113 1221 1384 1277 praepositus
1418 1219 1557 1263 fuerit.
1616 1218 1746 1262 fuisse

232 1292 375 1332 autem
408 1287 579 1331 Romuli
611 1288 873 1345 temporibus
901 1289 1118 1333 institutos
1155 1292 1354 1345 utrosque
1384 1293 1428 1332 et
1457 1286 1675 1361 Fabianos
1704 1291 1747 1330 et

234 1357 547 1408 Quinctilianos
577 1357 701 1400 multi
732 1361 830 1400 sunt
860 1358 930 1413 qui
960 1356 1227 1401 tradiderint.
1242 1356 1273 1412 ¹)
1705 1373 1707 1375 ·

371 1425 436 1468 De
466 1439 511 1469 re
541 1425 720 1468 militari
752 1439 862 1481 quae
891 1425 1021 1469 refert
1049 1425 1294 1483 Propertius

425 1491 502 1536 27:
533 1507 614 1536 nec
645 1493 760 1536 rudis
790 1494 956 1537 infestis
987 1494 1110 1537 miles
1139 1493 1341 1537 radiabat
1369 1495 1413 1536 in
1444 1495 1586 1546 armis,

536 1561 776 1605 miscebant
805 1565 903 1605 usta
933 1561 1098 1618 proelia
1127 1560 1244 1605 nuda
1279 1560 1396 1605 sude.

232 1633 284 1662 ea
316 1618 372 1661 ad
403 1618 642 1672 Vergilium
671 1617 809 1661 redire
841 1623 1023 1675 apparet
1053 1618 1210 1662 collato
1241 1618 1335 1661 loco

291 1686 398 1730 Aen.
422 1685 515 1730 VII.
538 1684 642 1729 523:
1193 1687 1428 1730 certamine
1459 1687 1615 1741 agresti

666 1755 881 1811 stipitibus
911 1754 1027 1797 duris
1059 1756 1200 1808 agitur
1234 1754 1460 1797 sudibusve
1490 1755 1716 1811 praeustis.

233 1822 318 1868 Sed
358 1822 411 1867 de
442 1822 612 1867 Romuli
647 1824 691 1866 in
728 1837 773 1867 re
811 1823 987 1868 militari
1018 1828 1274 1881 paupertate
1308 1828 1439 1880 poeta
1469 1823 1609 1877 etiam*
1632 1837 1668 1866 c.
1691 1820 1748 1867 10

234 1893 314 1934 hoc
345 1891 473 1934 modo
506 1893 612 1944 agit:

374 2050 404 2094 ¹)
429 2049 579 2084 Ovidius
604 2049 776 2095 confingit
801 2049 933 2084 Fabios
950 2049 1155 2093 Quinctiliis
1172 2050 1374 2097 superiores
1395 2049 1519 2092 fuisse,
1543 2059 1624 2085 cum
1648 2048 1747 2085 cibos

238 2118 260 2142 a
285 2105 486 2142 latronibus
511 2105 678 2142 defensos
704 2105 771 2142 soli
797 2106 952 2150 ederent,
977 2107 1023 2145 cf.
1042 2106 1139 2144 Fast.
1159 2107 1221 2143 ΙΙΙ.
1238 2107 1325 2144 373:

558 2162 607 2199 Ut
631 2162 748 2207 rediit,
774 2163 914 2199 veribus
940 2163 1131 2199 stridentia
1155 2163 1314 2199 detrahit
1338 2165 1424 2199 exta

561 2221 670 2266 atque
695 2220 748 2255 ait
773 2220 884 2262 „haec
908 2222 1005 2256 certe
1029 2231 1101 2256 non
1125 2220 1195 2256 nisi
1220 2220 1335 2256 victor
1359 2219 1475 2256 edeta

239 2277 360 2322 Atque
386 2277 520 2312 nostris
545 2276 766 2323 temporibus
792 2277 884 2313 inter
907 2277 1004 2313 viros
1029 2274 1257 2313 doctissimos
1282 2276 1440 2313 nondum
1466 2277 1643 2320 convenit,
1666 2278 1750 2313 utra

242 2343 330 2379 gens
355 2333 532 2376 vetustior
556 2333 611 2370 vel
636 2333 789 2370 nobilior
812 2334 979 2371 habenda
1002 2334 1060 2373 sit.
1096 2334 1336 2373 Mommsenus
1360 2334 1514 2382 quidem,
1538 2345 1619 2371 cum
1643 2335 1751 2371 antea

240 2390 332 2426 haec
366 2390 571 2438 scripsisset
607 2391 708 2437 (hist.
734 2391 835 2429 Rom.
861 2392 909 2435 1¹,
938 2404 972 2439 p.
997 2391 1075 2438 33):
1113 2392 1209 2435 „Das
1240 2392 1443 2437 Wolfsfest,
1480 2392 1548 2429 das
1582 2391 1648 2428 das
1680 2391 1748 2429 Ge-

241 2447 405 2482 schlecht
430 2447 492 2483 der
517 2447 646 2484 Fabier
669 2459 727 2483 am
751 2448 1015 2495 palatinischen
1038 2449 1155 2496 Hiigel
1187 2449 1357 2496 beging“,
1391 2449 1592 2497 posteriore
1615 2449 1651 2485 in
1675 2449 1749 2485 edi-

241 2504 340 2540 tione
363 2504 429 2549 (1⁶)
454 2505 553 2551 genti
583 2504 800 2550 Quinctiliae
822 2506 922 2542 illam
946 2508 1084 2554 partem
1114 2506 1290 2545 attribuit.
1327 2507 1495 2554 Ungerus
1513 2508 1633 2544 autem
1649 2506 1749 2554 quod

242 2562 373 2598 statuit
390 2561 495 2606 (Mus.
513 2562 674 2600 Rhenan.
693 2565 747 2606 36,
765 2564 825 2609 55)
842 2564 1058 2608 Quinctilios
1083 2564 1165 2600 ideo
1183 2564 1304 2601 Fabiis
1321 2564 1514 2601 nobiliores
1538 2574 1628 2610 csse,
1652 2555 1750 2611 quod

244 2629 371 2654 nomen
397 2629 518 2654 eorum
550 2631 573 2655 a
598 2620 876 2666 „quinquando“
902 2620 925 2658 i.
951 2631 980 2658 e.
1005 2621 1194 2657 lustrando
1218 2621 1370 2669 petitum
1401 2621 1449 2657 sit
1471 2621 1594 2669 itaque
1617 2622 1750 2658 bonum

243 2686 347 2711 omen
370 2687 457 2723 prae
481 2687 520 2712 se
544 2676 677 2720 tulerit,
702 2677 787 2713 mihi
814 2678 956 2724 quidem
981 2679 1125 2714 minime
1148 2678 1324 2726 probavit.
