1945 3041
838 159 1165 207 -35-a.

909 287 1034 333 Levis
1064 301 1151 333 una
1179 301 1292 334 mors
1322 293 1387 334 est

637 356 850 411 virginum
881 356 1045 414 culpae.

221 419 409 485 'quocum
431 424 675 471 conferatur
693 424 915 482 Sophoclis
934 424 1148 481 Antigone
1168 441 1205 469 v
1227 425 1332 471 308:
1368 424 1460 480 Οὐχ
1479 426 1579 482 υμῦν
1588 426 1734 485 Αιδης

226 493 391 549 activo«,-
417 491 606 550 ἀρκέσει.

364 572 410 606 v.·
435 560 510 609 23:
542 561 680 620 Saepe
699 562 777 605 illa
795 552 1032 607 immeritae
1054 567 1233 608 causata
1251 568 1314 608 est
1334 565 1479 609 omina
1498 566 1626 610 lunae

212 631 498 690 Propertium
528 635 720 675 secutum
750 644 843 676 esse
863 630 1020 676 Tibulli
1049 632 1295 691 exemplum
1324 639 1508 691 apparet
1537 634 1570 679 I.
1592 633 1633 689 3,
1657 634 1730 678 17:

435 704 509 744 aut
538 712 616 755 ego
647 713 741 744 sum
771 705 970 745 causatus
1000 715 1100 745 aves
1131 707 1205 746 aut
1235 702 1380 746 omina
1409 702 1515 747 dira.

161 816 163 819 ,
228 765 347 822 Quae
364 770 548 814 imitatio
568 781 619 813 eo
641 771 777 824 magis
797 771 1026 827 perspicua
1045 774 1122 825 est,
1153 770 1266 827 quod
1285 771 1458 814 verbum
1480 771 1731 825 „causandi“

229 841 397 883 tantum
438 835 504 881 hi‘s
539 837 694 883 Tibulli
740 842 783 881 et
824 837 1037 896 Propertii
1081 839 1187 882 locis
1229 853 1283 883 ea
1326 840 1380 894 vi,
1426 853 1556 895 quam
1601 839 1733 884 babet

141 940 145 942 .
231 919 433 962 graecum
461 906 654 953 verbum:
704 906 1120 963 »προφασίζεσθαι“
1155 912 1403 964 usurpatur3
1434 909 1561 952 aliter
1590 921 1656 952 res
1687 921 1732 952 se

178 978 182 980 ’
231 974 362 1019 habet
390 973 540 1020 Horat.
570 973 706 1033 Epist.
737 973 770 1018 Ι.
803 972 965 1030 14,12;

342 1043 526 1096 „stultus
555 1048 729 1099 uterque
758 1044 900 1086 locum
929 1043 1187 1088 immeritum
1217 1030 1415 1089 causatur
1444 1045 1608 1101 inique“

232 1112 306 1156 ubi
336 1111 580 1165 „causatur“
609 1111 725 1156 idem
754 1115 819 1156 est
848 1111 960 1168 quod
991 1113 1216 1165 „incusat“.

0 1440 67 1469 .
141 1457 151 1464 ,
849 1406 982 1486 Cap.
1021 1407 1112 1469 111.

72 1508 93 1553 ’ζ
669 1536 743 1581 De
774 1535 1027 1581 Hercule.
1072 1535 1154 1592 ‚(c·
1185 1535 1292 1592 IX.)

370 1673 615 1731 Propertius
659 1687 756 1717 cum
799 1677 946 1717 narrat
990 1673 1179 1717 carmine
1224 1685 1357 1728 nono,
1409 1686 1516 1729 quae
1534 1727 1539 1730 .
1559 1671 1731 1716 Herculi

235 1740 471 1786 acciderint
513 1743 559 1785 in
600 1740 774 1785 Italiam
822 1743 1012 1797 ingresso
1057 1755 1154 1785 cum
1205 1741 1381 1785 bovibus
1426 1740 1634 1798 Geryonis
1677 1755 1732 1784 ex

148 1870 152 1872 Ἴ
233 1809 423 1868 Erythea
453 1810 639 1866 abactis,
683 1812 894 1855 consentit
923 1825 1019 1854 cum
1050 1811 1111 1854 eis
1143 1810 1354 1864 omnibus,
1400 1811 1472 1865 qui
1502 1809 1732 1853 Herculem

160 1889 164 1891 “
235 1877 361 1924 deum
393 1879 563 1935 eiusque
593 1892 718 1923 sacra
748 1892 775 1923 a
805 1879 982 1924 Graecis
1011 1879 1196 1938 repetita
1230 1892 1323 1923 esse
1368 1882 1535 1936 putant.
1608 1878 1732 1923 Hanc

233 1949 507 2003 sententiam,
543 1962 670 2004 quam
700 1963 727 1992 a
757 1948 933 1992 Graecis
963 1949 1067 2006 ipsis
1096 1948 1317 1991 inductam
1356 1961 1448 1991 esse
1477 1946 1732 1992 Niebuhrius

166 2054 168 2058 .
233 2021 349 2061 recte
368 2015 585 2072 iudicavit,
616 2030 712 2061 cum
733 2017 809 2061 alii
829 2017 1165 2075 explicaverunt,
1194 2020 1286 2060 tum
1313 2017 1501 2060 maxime
1521 2015 1565 2059 T.
1587 2016 1732 2065 Livius

232 2081 266 2129 Ι.
287 2083 327 2141 7,
349 2084 423 2130 15:
455 2085 585 2140 „haec
603 2090 695 2130 tum
713 2099 839 2130 sacra
865 2086 1071 2130 Romulus
1099 2100 1188 2130 una
1207 2100 1259 2129 ex
1281 2086 1477 2129 omnibus
1507 2087 1733 2142 peregrina

177 2154 197 2176 ”·
233 2153 454 2213 suscepit«.
514 2153 674 2199 Tamen
707 2155 927 2210 vulgarem
971 2155 1216 2213 opinionem
1261 2155 1420 2210 egressi
1463 2155 1733 2210 grammatici

231 2221 459 2267 Herculem
507 2223 690 2279 eundem
741 2226 833 2268 esse
878 2237 930 2267 ac
974 2223 1181 2279 Sancum,
1240 2237 1365 2280 quem
1409 2221 1537 2266 deum
1581 2222 1730 2266 Sabini

160 2300 162 2302 ’
226 2292 419 2349 maxime
437 2293 763 2346 venerabantur,
785 2297 1083 2348 cognoverant.
1143 2291 1280 2337 Varro
1295 2293 1424 2347 igitur
1439 2291 1492 2335 de
1513 2290 1658 2343 1.1.V.
1676 2288 1732 2334 66

232 2358 396 2406 docuit.
429 2361 599 2415 „Aelius
618 2360 747 2405 Dium
767 2360 935 2406 Fidium
967 2360 1141 2405 dicebat
1158 2360 1304 2405 Diovis
1334 2359 1480 2415 filium,
1511 2363 1558 2403 ut
1578 2358 1733 2404 Graeci

227 2418 473 2486 Διόσκορον
492 2429 725 2485 Castorem,
756 2434 799 2474 et
818 2426 1001 2488 putabat
1029 2430 1142 2473 hunc
1171 2443 1264 2473 esse
1283 2429 1468 2473 Sancum
1499 2428 1553 2472 ab
1574 2427 1735 2472 Sabina

217 2487 400 2552 lingua,
427 2501 471 2542 et
488 2493 716 2544 Herculem
737 2514 765 2544 a
784 2498 987 2544 Graeca“.
1048 2498 1117 2543 Ad
1137 2498 1372 2543 Varronem
1394 2496 1532 2541 redire
1552 2495 1733 2553 videtur,

210 2564 344 2622 '²quo'd
371 2564 524 2612 Festus
549 2568 681 2612 tradit
701 2582 745 2625 p.
765 2565 870 2612 229.
903 2567 1105 2625 „Propter
1123 2568 1236 2611 viam
1257 2566 1307 2610 fit
1336 2565 1592 2610 sacrificium
1621 2564 1735 2622 quod

216 2636 298 2687 ost
339 2631 638 2691 proficiscendi
682 2637 822 2692 gratia
865 2635 1038 2681 Herculi
1083 2639 1157 2679 aut
1200 2634 1358 2690 Sanco,
1402 2634 1488 2690 qui
1532 2633 1735 2679 scilicet

1482 2711 1526 2748 3.
