<?xml version="1.0" encoding="UTF-8"?>
<!DOCTYPE html PUBLIC "-//W3C//DTD XHTML 1.0 Transitional//EN"
    "http://www.w3.org/TR/xhtml1/DTD/xhtml1-transitional.dtd">
<html xmlns="http://www.w3.org/1999/xhtml" xml:lang="en" lang="en">
 <head>
  <title>
</title>
<meta http-equiv="Content-Type" content="text/html;charset=utf-8" />
  <meta name='ocr-system' content='tesseract 3.04.00' />
  <meta name='ocr-capabilities' content='ocr_page ocr_carea ocr_par ocr_line ocrx_word'/>
</head>
<body>
  <div class='ocr_page' id='page_1' title='image "4737853_0023.png"; bbox 0 0 1945 3041; ppageno 0'>
   <div class='ocr_carea' id='block_1_1' title="bbox 746 178 1028 223">
    <p class='ocr_par' dir='ltr' id='par_1_1' title="bbox 746 178 1028 223">
     <span class='ocr_line' id='line_1_1' title="bbox 746 178 1028 223; baseline -0.007 -12"><span class='ocrx_word' id='word_1_1' title='bbox 746 178 1028 223; x_wconf 57' lang='lat'><strong>„13-</strong></span> 
     </span>
    </p>
   </div>
   <div class='ocr_carea' id='block_1_2' title="bbox 0 395 480 3041">
    <p class='ocr_par' dir='ltr' id='par_1_2' title="bbox 0 395 480 3041">
     <span class='ocr_line' id='line_1_2' title="bbox 0 395 135 1030; baseline 0 -502"><span class='ocrx_word' id='word_1_2' title='bbox 0 395 135 1030; x_wconf 95' lang='lat' dir='ltr'><strong>   </strong></span> 
     </span>
     <span class='ocr_line' id='line_1_3' title="bbox 0 1659 71 1830; baseline 0 -58"><span class='ocrx_word' id='word_1_3' title='bbox 0 1659 71 1830; x_wconf 95' lang='lat' dir='ltr'><strong>   </strong></span> 
     </span>
     <span class='ocr_line' id='line_1_4' title="bbox 0 1830 71 1887; baseline 0 1154"><span class='ocrx_word' id='word_1_4' title='bbox 0 1830 71 1887; x_wconf 95' lang='lat' dir='ltr'><strong> </strong></span> 
     </span>
     <span class='ocr_line' id='line_1_5' title="bbox 0 1887 51 1945; baseline 0 1096"><span class='ocrx_word' id='word_1_5' title='bbox 0 1887 51 1945; x_wconf 95' lang='lat' dir='ltr'><strong> </strong></span> 
     </span>
     <span class='ocr_line' id='line_1_6' title="bbox 0 1945 139 2112; baseline 0 -53"><span class='ocrx_word' id='word_1_6' title='bbox 0 1945 139 2112; x_wconf 95' lang='lat' dir='ltr'><strong>   </strong></span> 
     </span>
     <span class='ocr_line' id='line_1_7' title="bbox 0 2112 138 2173; baseline 0 868"><span class='ocrx_word' id='word_1_7' title='bbox 0 2112 138 2173; x_wconf 95' lang='lat' dir='ltr'><strong> </strong></span> 
     </span>
     <span class='ocr_line' id='line_1_8' title="bbox 0 2173 138 2230; baseline 0 811"><span class='ocrx_word' id='word_1_8' title='bbox 0 2173 138 2230; x_wconf 95' lang='lat' dir='ltr'><strong> </strong></span> 
     </span>
     <span class='ocr_line' id='line_1_9' title="bbox 0 2230 145 2400; baseline 0 -56"><span class='ocrx_word' id='word_1_9' title='bbox 0 2230 145 2400; x_wconf 95' lang='lat' dir='ltr'><strong>    </strong></span> 
     </span>
     <span class='ocr_line' id='line_1_10' title="bbox 0 2400 145 2457; baseline 0 584"><span class='ocrx_word' id='word_1_10' title='bbox 0 2400 145 2457; x_wconf 95' lang='lat' dir='ltr'><strong> </strong></span> 
     </span>
     <span class='ocr_line' id='line_1_11' title="bbox 0 2457 178 2634; baseline 0 -58"><span class='ocrx_word' id='word_1_11' title='bbox 0 2457 178 2634; x_wconf 95' lang='lat' dir='ltr'><strong>      </strong></span> 
     </span>
     <span class='ocr_line' id='line_1_12' title="bbox 0 2634 480 3041; baseline 0 -294"><span class='ocrx_word' id='word_1_12' title='bbox 0 2634 480 3041; x_wconf 95' lang='lat' dir='ltr'><strong>   </strong></span> 
     </span>
    </p>
   </div>
   <div class='ocr_carea' id='block_1_3' title="bbox 0 293 1639 1324">
    <p class='ocr_par' dir='ltr' id='par_1_3' title="bbox 16 293 1637 569">
     <span class='ocr_line' id='line_1_13' title="bbox 129 293 1636 367; baseline -0.006 -11"><span class='ocrx_word' id='word_1_13' title='bbox 129 293 378 367; x_wconf 49' lang='lat' dir='ltr'><strong>inscribitur</strong></span> <span class='ocrx_word' id='word_1_14' title='bbox 409 307 652 365; x_wconf 73' lang='lat' dir='ltr'><strong>‚‚cy‹lippe&lt;‘.</strong></span> <span class='ocrx_word' id='word_1_15' title='bbox 677 306 806 363; x_wconf 88' lang='lat' dir='ltr'><strong>plane</strong></span> <span class='ocrx_word' id='word_1_16' title='bbox 837 304 1163 348; x_wconf 87' lang='lat' dir='ltr'><strong>demonstratur.</strong></span> <span class='ocrx_word' id='word_1_17' title='bbox 1223 302 1354 346; x_wconf 82' lang='lat' dir='ltr'><strong>Facio</strong></span> <span class='ocrx_word' id='word_1_18' title='bbox 1384 304 1514 357; x_wconf 87' lang='lat' dir='ltr'><strong>igitur</strong></span> <span class='ocrx_word' id='word_1_19' title='bbox 1539 319 1636 348; x_wconf 89' lang='lat' dir='ltr'><strong>cum</strong></span> 
     </span>
     <span class='ocr_line' id='line_1_14' title="bbox 70 370 1637 432; baseline -0.003 -10"><span class='ocrx_word' id='word_1_20' title='bbox 70 370 406 432; x_wconf 31' lang='grc' dir='ltr'><strong>ἰήμτὸἇὶιιιοίᾱθιο,</strong></span> <span class='ocrx_word' id='word_1_21' title='bbox 428 390 525 425; x_wconf 87' lang='lat' dir='ltr'><strong>cum</strong></span> <span class='ocrx_word' id='word_1_22' title='bbox 545 375 675 429; x_wconf 87' lang='lat' dir='ltr'><strong>dicat,</strong></span> <span class='ocrx_word' id='word_1_23' title='bbox 695 374 964 431; x_wconf 78' lang='lat' dir='ltr'>Propertium</span> <span class='ocrx_word' id='word_1_24' title='bbox 982 372 1198 428; x_wconf 83' lang='lat' dir='ltr'>Lynceum</span> <span class='ocrx_word' id='word_1_25' title='bbox 1219 372 1404 415; x_wconf 90' lang='lat' dir='ltr'><strong>amicum</strong></span> <span class='ocrx_word' id='word_1_26' title='bbox 1433 372 1490 416; x_wconf 89' lang='lat' dir='ltr'><strong>ad</strong></span> <span class='ocrx_word' id='word_1_27' title='bbox 1510 373 1637 417; x_wconf 88' lang='lat' dir='ltr'><strong>Aetia</strong></span> 
     </span>
     <span class='ocr_line' id='line_1_15' title="bbox 64 431 1635 503; baseline -0.003 -12"><span class='ocrx_word' id='word_1_28' title='bbox 64 466 83 503; x_wconf 52' lang='grc' dir='ltr'><strong>ς’</strong></span> <span class='ocrx_word' id='word_1_29' title='bbox 98 431 346 497; x_wconf 19' lang='lat' dir='ltr'><strong>&amp;imitanda</strong></span> <span class='ocrx_word' id='word_1_30' title='bbox 373 446 573 490; x_wconf 85' lang='lat' dir='ltr'><strong>incitare·</strong></span> <span class='ocrx_word' id='word_1_31' title='bbox 562 443 614 499; x_wconf 87' lang='lat'><strong>‚¹)</strong></span> <span class='ocrx_word' id='word_1_32' title='bbox 633 443 806 487; x_wconf 89' lang='lat' dir='ltr'><strong>minime</strong></span> <span class='ocrx_word' id='word_1_33' title='bbox 838 447 981 486; x_wconf 87' lang='lat' dir='ltr'><strong>autem</strong></span> <span class='ocrx_word' id='word_1_34' title='bbox 1009 440 1089 484; x_wconf 90' lang='lat' dir='ltr'><strong>hoc</strong></span> <span class='ocrx_word' id='word_1_35' title='bbox 1118 441 1211 484; x_wconf 92' lang='lat' dir='ltr'><strong>loco</strong></span> <span class='ocrx_word' id='word_1_36' title='bbox 1242 442 1443 496; x_wconf 83' lang='lat' dir='ltr'><strong>cogimur,</strong></span> <span class='ocrx_word' id='word_1_37' title='bbox 1471 442 1635 497; x_wconf 75' lang='lat' dir='ltr'>elegias</span> 
     </span>
     <span class='ocr_line' id='line_1_16' title="bbox 16 510 1013 585; baseline -0.009 -23"><span class='ocrx_word' id='word_1_38' title='bbox 16 527 99 562; x_wconf 56' lang='grc' dir='ltr'><strong>κ’,</strong></span> <span class='ocrx_word' id='word_1_39' title='bbox 118 513 369 585; x_wconf 51' lang='lat' dir='ltr'><strong>{amatorias</strong></span> <span class='ocrx_word' id='word_1_40' title='bbox 400 528 427 558; x_wconf 92' lang='lat' dir='ltr'><strong>a</strong></span> <span class='ocrx_word' id='word_1_41' title='bbox 455 513 720 558; x_wconf 79' lang='lat' dir='ltr'><strong>Callimacho</strong></span> <span class='ocrx_word' id='word_1_42' title='bbox 752 510 1013 555; x_wconf 88' lang='lat' dir='ltr'><strong>abiudicare.</strong></span> 
     </span>
    </p>

    <p class='ocr_par' dir='ltr' id='par_1_4' title="bbox 0 571 1639 1324">
     <span class='ocr_line' id='line_1_17' title="bbox 8 571 1637 634; baseline -0.002 -5"><span class='ocrx_word' id='word_1_43' title='bbox 8 571 99 634; x_wconf 52' lang='lat' dir='ltr'><strong>[fij</strong></span> <span class='ocrx_word' id='word_1_44' title='bbox 152 588 155 590; x_wconf 82' lang='grc'><strong>’</strong></span> <span class='ocrx_word' id='word_1_45' title='bbox 271 583 363 627; x_wconf 90' lang='lat' dir='ltr'><strong>Hoc</strong></span> <span class='ocrx_word' id='word_1_46' title='bbox 393 587 537 626; x_wconf 86' lang='lat' dir='ltr'><strong>autem</strong></span> <span class='ocrx_word' id='word_1_47' title='bbox 564 580 796 625; x_wconf 87' lang='lat' dir='ltr'><strong>tenendum</strong></span> <span class='ocrx_word' id='word_1_48' title='bbox 825 584 903 634; x_wconf 87' lang='lat' dir='ltr'><strong>est,</strong></span> <span class='ocrx_word' id='word_1_49' title='bbox 933 579 1094 633; x_wconf 83' lang='lat' dir='ltr'>elegias</span> <span class='ocrx_word' id='word_1_50' title='bbox 1124 580 1355 623; x_wconf 87' lang='lat' dir='ltr'><strong>amatorias</strong></span> <span class='ocrx_word' id='word_1_51' title='bbox 1382 579 1637 625; x_wconf 80' lang='lat' dir='ltr'><strong>Callimachi</strong></span> 
     </span>
     <span class='ocr_line' id='line_1_18' title="bbox 28 638 1638 710; baseline -0.003 -11.085"><span class='ocrx_word' id='word_1_52' title='bbox 0 638 195 711; x_wconf 36' lang='lat' dir='ltr'><strong>&#39;Jab</strong></span> <span class='ocrx_word' id='word_1_53' title='bbox 223 651 359 697; x_wconf 86' lang='lat' dir='ltr'><strong>Aetiis</strong></span> <span class='ocrx_word' id='word_1_54' title='bbox 402 666 456 696; x_wconf 88' lang='lat' dir='ltr'><strong>ea</strong></span> <span class='ocrx_word' id='word_1_55' title='bbox 499 666 546 695; x_wconf 89' lang='lat' dir='ltr'><strong>re</strong></span> <span class='ocrx_word' id='word_1_56' title='bbox 591 649 779 704; x_wconf 86' lang='lat' dir='ltr'><strong>differre,</strong></span> <span class='ocrx_word' id='word_1_57' title='bbox 826 647 939 703; x_wconf 88' lang='lat' dir='ltr'><strong>quod</strong></span> <span class='ocrx_word' id='word_1_58' title='bbox 982 644 1068 691; x_wconf 90' lang='lat' dir='ltr'><strong>illis</strong></span> <span class='ocrx_word' id='word_1_59' title='bbox 1110 653 1238 705; x_wconf 88' lang='lat' dir='ltr'><strong>poeta</strong></span> <span class='ocrx_word' id='word_1_60' title='bbox 1282 651 1559 703; x_wconf 86' lang='lat' dir='ltr'><strong>cogitationes</strong></span> <span class='ocrx_word' id='word_1_61' title='bbox 1595 656 1638 694; x_wconf 89' lang='lat' dir='ltr'><strong>et</strong></span> 
     </span>
     <span class='ocr_line' id='line_1_19' title="bbox 28 711 1636 775; baseline -0.002 -9"><span class='ocrx_word' id='word_1_62' title='bbox 28 712 74 773; x_wconf 58' lang='lat'><strong>„³³1</strong></span> <span class='ocrx_word' id='word_1_63' title='bbox 90 712 92 714; x_wconf 43' lang='grc'>’</span> <span class='ocrx_word' id='word_1_64' title='bbox 134 711 315 771; x_wconf 70' lang='lat' dir='ltr'><strong>affectus</strong></span> <span class='ocrx_word' id='word_1_65' title='bbox 335 733 432 765; x_wconf 88' lang='lat' dir='ltr'><strong>suos</strong></span> <span class='ocrx_word' id='word_1_66' title='bbox 453 719 686 775; x_wconf 89' lang='lat' dir='ltr'><strong>mandavit,</strong></span> <span class='ocrx_word' id='word_1_67' title='bbox 718 718 774 762; x_wconf 90' lang='lat' dir='ltr'><strong>ad</strong></span> <span class='ocrx_word' id='word_1_68' title='bbox 795 729 905 772; x_wconf 88' lang='lat' dir='ltr'><strong>quae</strong></span> <span class='ocrx_word' id='word_1_69' title='bbox 926 716 1187 774; x_wconf 84' lang='lat' dir='ltr'><strong>explicanda</strong></span> <span class='ocrx_word' id='word_1_70' title='bbox 1212 717 1404 773; x_wconf 86' lang='lat' dir='ltr'><strong>fortasse,</strong></span> <span class='ocrx_word' id='word_1_71' title='bbox 1426 719 1636 773; x_wconf 86' lang='lat' dir='ltr'><strong>quomodo</strong></span> 
     </span>
     <span class='ocr_line' id='line_1_20' title="bbox 0 781 1636 849; baseline 0 -19"><span class='ocrx_word' id='word_1_72' title='bbox 0 781 91 849; x_wconf 45' lang='lat' dir='ltr'><strong>fs*</strong></span> <span class='ocrx_word' id='word_1_73' title='bbox 137 783 166 846; x_wconf 76' lang='lat' dir='ltr'><strong>a</strong></span> <span class='ocrx_word' id='word_1_74' title='bbox 194 790 413 847; x_wconf 82' lang='lat' dir='ltr'><strong>Propertio</strong></span> <span class='ocrx_word' id='word_1_75' title='bbox 443 789 536 832; x_wconf 88' lang='lat' dir='ltr'><strong>fieri</strong></span> <span class='ocrx_word' id='word_1_76' title='bbox 564 788 775 841; x_wconf 81' lang='lat' dir='ltr'><strong>videmus,</strong></span> <span class='ocrx_word' id='word_1_77' title='bbox 807 787 1007 842; x_wconf 84' lang='lat' dir='ltr'><strong>exempla</strong></span> <span class='ocrx_word' id='word_1_78' title='bbox 1042 800 1096 828; x_wconf 85' lang='lat' dir='ltr'><strong>ex</strong></span> <span class='ocrx_word' id='word_1_79' title='bbox 1132 787 1390 839; x_wconf 82' lang='lat' dir='ltr'><strong>antiquitate</strong></span> <span class='ocrx_word' id='word_1_80' title='bbox 1421 789 1636 843; x_wconf 83' lang='lat' dir='ltr'><strong>repetivit3</strong></span> 
     </span>
     <span class='ocr_line' id='line_1_21' title="bbox 0 852 1637 915; baseline -0.001 -15"><span class='ocrx_word' id='word_1_81' title='bbox 0 852 80 915; x_wconf 48' lang='lat'><strong>33²3}</strong></span> <span class='ocrx_word' id='word_1_82' title='bbox 107 858 275 909; x_wconf 67' lang='lat' dir='ltr'><strong>‘&#39;Aetiis</strong></span> <span class='ocrx_word' id='word_1_83' title='bbox 296 862 440 900; x_wconf 90' lang='lat' dir='ltr'><strong>autem</strong></span> <span class='ocrx_word' id='word_1_84' title='bbox 464 858 648 911; x_wconf 82' lang='lat' dir='ltr'><strong>origines</strong></span> <span class='ocrx_word' id='word_1_85' title='bbox 678 855 932 912; x_wconf 89' lang='lat' dir='ltr'><strong>populorum</strong></span> <span class='ocrx_word' id='word_1_86' title='bbox 969 854 1137 897; x_wconf 90' lang='lat' dir='ltr'><strong>urbium</strong></span> <span class='ocrx_word' id='word_1_87' title='bbox 1173 867 1391 897; x_wconf 87' lang='lat' dir='ltr'><strong>sacrorum</strong></span> <span class='ocrx_word' id='word_1_88' title='bbox 1421 857 1637 912; x_wconf 67' lang='lat' dir='ltr'><strong>exposuitf,</strong></span> 
     </span>
     <span class='ocr_line' id='line_1_22' title="bbox 8 917 1638 982; baseline 0.001 -16"><span class='ocrx_word' id='word_1_89' title='bbox 8 917 67 955; x_wconf 57' lang='lat'><strong>435</strong></span> <span class='ocrx_word' id='word_1_90' title='bbox 103 963 106 966; x_wconf 85' lang='lat'>.</span> <span class='ocrx_word' id='word_1_91' title='bbox 137 938 318 981; x_wconf 85' lang='lat' dir='ltr'><strong>quarum</strong></span> <span class='ocrx_word' id='word_1_92' title='bbox 347 940 445 968; x_wconf 92' lang='lat' dir='ltr'><strong>cum</strong></span> <span class='ocrx_word' id='word_1_93' title='bbox 474 926 684 982; x_wconf 88' lang='lat' dir='ltr'><strong>plurimae</strong></span> <span class='ocrx_word' id='word_1_94' title='bbox 715 925 760 966; x_wconf 89' lang='lat' dir='ltr'><strong>in</strong></span> <span class='ocrx_word' id='word_1_95' title='bbox 790 938 834 966; x_wconf 89' lang='lat' dir='ltr'><strong>rc</strong></span> <span class='ocrx_word' id='word_1_96' title='bbox 873 924 1084 966; x_wconf 87' lang='lat' dir='ltr'><strong>amatoria</strong></span> <span class='ocrx_word' id='word_1_97' title='bbox 1112 929 1400 979; x_wconf 85' lang='lat' dir='ltr'><strong>versarentur,</strong></span> <span class='ocrx_word' id='word_1_98' title='bbox 1432 924 1523 968; x_wconf 89' lang='lat' dir='ltr'><strong>fieri</strong></span> <span class='ocrx_word' id='word_1_99' title='bbox 1554 937 1638 967; x_wconf 90' lang='lat' dir='ltr'><strong>non</strong></span> 
     </span>
     <span class='ocr_line' id='line_1_23' title="bbox 0 992 1639 1053; baseline -0.001 -14"><span class='ocrx_word' id='word_1_100' title='bbox 0 1034 61 1053; x_wconf 40' lang='lat' dir='ltr'><strong>‚W</strong></span> <span class='ocrx_word' id='word_1_101' title='bbox 138 995 289 1053; x_wconf 85' lang='lat' dir='ltr'><strong>potuit,</strong></span> <span class='ocrx_word' id='word_1_102' title='bbox 321 995 424 1049; x_wconf 87' lang='lat' dir='ltr'><strong>quin</strong></span> <span class='ocrx_word' id='word_1_103' title='bbox 454 994 591 1038; x_wconf 87' lang='lat' dir='ltr'><strong>multa</strong></span> <span class='ocrx_word' id='word_1_104' title='bbox 620 993 813 1037; x_wconf 84' lang='lat' dir='ltr'><strong>carmina</strong></span> <span class='ocrx_word' id='word_1_105' title='bbox 846 992 1033 1048; x_wconf 88' lang='lat' dir='ltr'><strong>speciem</strong></span> <span class='ocrx_word' id='word_1_106' title='bbox 1069 993 1305 1035; x_wconf 88' lang='lat' dir='ltr'><strong>carminum</strong></span> <span class='ocrx_word' id='word_1_107' title='bbox 1336 995 1639 1037; x_wconf 81' lang='lat' dir='ltr'><strong>amatoriomm</strong></span> 
     </span>
     <span class='ocr_line' id='line_1_24' title="bbox 0 1061 1637 1124; baseline -0.002 -15"><span class='ocrx_word' id='word_1_108' title='bbox 0 1076 93 1124; x_wconf 46' lang='grc' dir='ltr'><strong>ιζ</strong></span> <span class='ocrx_word' id='word_1_109' title='bbox 137 1063 375 1108; x_wconf 78' lang='lat' dir='ltr'><strong>induerent.</strong></span> <span class='ocrx_word' id='word_1_110' title='bbox 434 1062 571 1114; x_wconf 86' lang='lat' dir='ltr'><strong>Quare</strong></span> <span class='ocrx_word' id='word_1_111' title='bbox 601 1062 870 1119; x_wconf 86' lang='lat' dir='ltr'><strong>Propertium</strong></span> <span class='ocrx_word' id='word_1_112' title='bbox 900 1062 944 1104; x_wconf 90' lang='lat' dir='ltr'><strong>in</strong></span> <span class='ocrx_word' id='word_1_113' title='bbox 974 1061 1121 1115; x_wconf 86' lang='lat' dir='ltr'><strong>elegiis</strong></span> <span class='ocrx_word' id='word_1_114' title='bbox 1158 1063 1377 1105; x_wconf 88' lang='lat' dir='ltr'><strong>amatoriis</strong></span> <span class='ocrx_word' id='word_1_115' title='bbox 1414 1068 1637 1117; x_wconf 88' lang='lat' dir='ltr'><strong>utrumque</strong></span> 
     </span>
     <span class='ocr_line' id='line_1_25' title="bbox 4 1128 1637 1187; baseline -0.002 -10"><span class='ocrx_word' id='word_1_116' title='bbox 4 1128 23 1187; x_wconf 63' lang='lat' dir='ltr'><strong>j</strong></span> <span class='ocrx_word' id='word_1_117' title='bbox 55 1141 72 1186; x_wconf 62' lang='lat' dir='ltr'>J</span> <span class='ocrx_word' id='word_1_118' title='bbox 138 1131 394 1177; x_wconf 83' lang='lat' dir='ltr'><strong>Callimachi</strong></span> <span class='ocrx_word' id='word_1_119' title='bbox 422 1144 556 1185; x_wconf 87' lang='lat' dir='ltr'><strong>genus</strong></span> <span class='ocrx_word' id='word_1_120' title='bbox 585 1131 844 1187; x_wconf 82' lang='lat' dir='ltr'><strong>spectavisse</strong></span> <span class='ocrx_word' id='word_1_121' title='bbox 875 1133 991 1186; x_wconf 90' lang='lat' dir='ltr'><strong>puto,</strong></span> <span class='ocrx_word' id='word_1_122' title='bbox 1012 1130 1057 1172; x_wconf 91' lang='lat' dir='ltr'><strong>in</strong></span> <span class='ocrx_word' id='word_1_123' title='bbox 1078 1129 1225 1183; x_wconf 87' lang='lat' dir='ltr'><strong>elegiis</strong></span> <span class='ocrx_word' id='word_1_124' title='bbox 1246 1130 1449 1174; x_wconf 83' lang='lat' dir='ltr'><strong>Romanis</strong></span> <span class='ocrx_word' id='word_1_125' title='bbox 1471 1136 1637 1175; x_wconf 88' lang='lat' dir='ltr'><strong>tantum</strong></span> 
     </span>
     <span class='ocr_line' id='line_1_26' title="bbox 0 1196 1637 1255; baseline 0.001 -14"><span class='ocrx_word' id='word_1_126' title='bbox 0 1202 55 1241; x_wconf 56' lang='grc' dir='ltr'><strong>,ἆ</strong></span> <span class='ocrx_word' id='word_1_127' title='bbox 137 1201 267 1244; x_wconf 85' lang='lat' dir='ltr'><strong>Aetia</strong></span> <span class='ocrx_word' id='word_1_128' title='bbox 281 1214 378 1243; x_wconf 90' lang='lat' dir='ltr'><strong>eum</strong></span> <span class='ocrx_word' id='word_1_129' title='bbox 392 1203 585 1242; x_wconf 88' lang='lat' dir='ltr'><strong>secutum</strong></span> <span class='ocrx_word' id='word_1_130' title='bbox 599 1198 927 1242; x_wconf 87' lang='lat' dir='ltr'><strong>esseverisimile</strong></span> <span class='ocrx_word' id='word_1_131' title='bbox 945 1201 1021 1240; x_wconf 89' lang='lat' dir='ltr'><strong>est.</strong></span> <span class='ocrx_word' id='word_1_132' title='bbox 1053 1196 1262 1240; x_wconf 85' lang='lat' dir='ltr'><strong>Nimirum</strong></span> <span class='ocrx_word' id='word_1_133' title='bbox 1278 1203 1407 1255; x_wconf 88' lang='lat' dir='ltr'><strong>poeta</strong></span> <span class='ocrx_word' id='word_1_134' title='bbox 1422 1199 1637 1243; x_wconf 85' lang='lat' dir='ltr'><strong>Romanus</strong></span> 
     </span>
     <span class='ocr_line' id='line_1_27' title="bbox 137 1266 1636 1324; baseline -0.001 -12"><span class='ocrx_word' id='word_1_135' title='bbox 137 1269 183 1312; x_wconf 86' lang='lat' dir='ltr'><strong>in</strong></span> <span class='ocrx_word' id='word_1_136' title='bbox 202 1268 422 1311; x_wconf 89' lang='lat' dir='ltr'><strong>Aetiorum</strong></span> <span class='ocrx_word' id='word_1_137' title='bbox 442 1268 701 1322; x_wconf 84' lang='lat' dir='ltr'><strong>argumentis</strong></span> <span class='ocrx_word' id='word_1_138' title='bbox 730 1267 809 1309; x_wconf 89' lang='lat' dir='ltr'><strong>niti</strong></span> <span class='ocrx_word' id='word_1_139' title='bbox 838 1278 924 1308; x_wconf 92' lang='lat' dir='ltr'><strong>non</strong></span> <span class='ocrx_word' id='word_1_140' title='bbox 954 1266 1110 1322; x_wconf 87' lang='lat' dir='ltr'><strong>potuit:</strong></span> <span class='ocrx_word' id='word_1_141' title='bbox 1143 1280 1244 1309; x_wconf 88' lang='lat' dir='ltr'><strong>nam</strong></span> <span class='ocrx_word' id='word_1_142' title='bbox 1264 1267 1337 1310; x_wconf 90' lang='lat' dir='ltr'><strong>ille</strong></span> <span class='ocrx_word' id='word_1_143' title='bbox 1368 1268 1636 1324; x_wconf 81' lang='lat' dir='ltr'><strong>Romanas2),</strong></span> 
     </span>
    </p>
   </div>
   <div class='ocr_carea' id='block_1_4' title="bbox 258 1372 412 1376">
    <p class='ocr_par' dir='ltr' id='par_1_5' title="bbox 258 1372 412 1376">
     <span class='ocr_line' id='line_1_28' title="bbox 258 1372 412 1376; baseline 0 0"><span class='ocrx_word' id='word_1_144' title='bbox 258 1372 412 1376; x_wconf 95' lang='lat' dir='ltr'><strong> </strong></span> 
     </span>
    </p>
   </div>
   <div class='ocr_carea' id='block_1_5' title="bbox 0 1410 1649 2731">
    <p class='ocr_par' dir='ltr' id='par_1_6' title="bbox 278 1410 1638 1460">
     <span class='ocr_line' id='line_1_29' title="bbox 278 1410 1638 1460; baseline 0 -10"><span class='ocrx_word' id='word_1_145' title='bbox 278 1414 303 1459; x_wconf 88' lang='lat'><strong>¹)</strong></span> <span class='ocrx_word' id='word_1_146' title='bbox 326 1412 406 1450; x_wconf 84' lang='lat' dir='ltr'><strong>Hoc</strong></span> <span class='ocrx_word' id='word_1_147' title='bbox 429 1413 623 1459; x_wconf 87' lang='lat' dir='ltr'><strong>praecipue</strong></span> <span class='ocrx_word' id='word_1_148' title='bbox 652 1410 1000 1447; x_wconf 86' lang='lat' dir='ltr'><strong>commemorandum</strong></span> <span class='ocrx_word' id='word_1_149' title='bbox 1029 1413 1102 1453; x_wconf 84' lang='lat' dir='ltr'><strong>est;</strong></span> <span class='ocrx_word' id='word_1_150' title='bbox 1138 1422 1221 1447; x_wconf 88' lang='lat' dir='ltr'><strong>nam</strong></span> <span class='ocrx_word' id='word_1_151' title='bbox 1253 1412 1450 1450; x_wconf 80' lang='lat' dir='ltr'><strong>Guilelmus</strong></span> <span class='ocrx_word' id='word_1_152' title='bbox 1481 1414 1638 1460; x_wconf 83' lang='lat' dir='ltr'><strong>Langius</strong></span> 
     </span>
    </p>

    <p class='ocr_par' dir='ltr' id='par_1_7' title="bbox 0 1468 1645 2034">
     <span class='ocr_line' id='line_1_30' title="bbox 40 1468 1641 1518; baseline 0.001 -11"><span class='ocrx_word' id='word_1_153' title='bbox 40 1473 46 1477; x_wconf 86' lang='lat'>&#39;</span> <span class='ocrx_word' id='word_1_154' title='bbox 74 1468 84 1511; x_wconf 70' lang='lat' dir='ltr'>J</span> <span class='ocrx_word' id='word_1_155' title='bbox 139 1482 357 1518; x_wconf 84' lang='lat' dir='ltr'><strong>quamquam</strong></span> <span class='ocrx_word' id='word_1_156' title='bbox 381 1470 426 1506; x_wconf 90' lang='lat' dir='ltr'><strong>de</strong></span> <span class='ocrx_word' id='word_1_157' title='bbox 449 1469 659 1506; x_wconf 81' lang='lat' dir='ltr'><strong>Callimachi</strong></span> <span class='ocrx_word' id='word_1_158' title='bbox 683 1469 798 1517; x_wconf 72' lang='lat' dir='ltr'><strong>Aetiis</strong></span> <span class='ocrx_word' id='word_1_159' title='bbox 821 1469 936 1504; x_wconf 87' lang='lat' dir='ltr'><strong>multa</strong></span> <span class='ocrx_word' id='word_1_160' title='bbox 960 1469 1229 1504; x_wconf 82' lang='lat' dir='ltr'><strong>accuratissime</strong></span> <span class='ocrx_word' id='word_1_161' title='bbox 1253 1469 1464 1516; x_wconf 86' lang='lat' dir='ltr'><strong>disputavit,</strong></span> <span class='ocrx_word' id='word_1_162' title='bbox 1498 1472 1532 1506; x_wconf 88' lang='lat' dir='ltr'><strong>in</strong></span> <span class='ocrx_word' id='word_1_163' title='bbox 1558 1469 1641 1518; x_wconf 84' lang='lat' dir='ltr'><strong>ipso</strong></span> 
     </span>
     <span class='ocr_line' id='line_1_31' title="bbox 20 1526 1640 1575; baseline -0.001 -8"><span class='ocrx_word' id='word_1_164' title='bbox 20 1565 37 1574; x_wconf 65' lang='lat'><em>„</em></span> <span class='ocrx_word' id='word_1_165' title='bbox 140 1539 195 1573; x_wconf 80' lang='lat' dir='ltr'><strong>eo,</strong></span> <span class='ocrx_word' id='word_1_166' title='bbox 218 1528 316 1575; x_wconf 91' lang='lat' dir='ltr'><strong>quod</strong></span> <span class='ocrx_word' id='word_1_167' title='bbox 339 1528 387 1564; x_wconf 88' lang='lat' dir='ltr'><strong>ad</strong></span> <span class='ocrx_word' id='word_1_168' title='bbox 410 1530 570 1564; x_wconf 88' lang='lat' dir='ltr'><strong>nostram</strong></span> <span class='ocrx_word' id='word_1_169' title='bbox 601 1526 848 1574; x_wconf 82' lang='lat' dir='ltr'><strong>quaestionem</strong></span> <span class='ocrx_word' id='word_1_170' title='bbox 878 1526 1112 1562; x_wconf 84' lang='lat' dir='ltr'><strong>dirimendam</strong></span> <span class='ocrx_word' id='word_1_171' title='bbox 1143 1527 1392 1573; x_wconf 84' lang='lat' dir='ltr'><strong>gravissimum</strong></span> <span class='ocrx_word' id='word_1_172' title='bbox 1417 1531 1482 1573; x_wconf 87' lang='lat' dir='ltr'><strong>est,</strong></span> <span class='ocrx_word' id='word_1_173' title='bbox 1521 1540 1640 1565; x_wconf 82' lang='lat' dir='ltr'><strong>errare</strong></span> 
     </span>
     <span class='ocr_line' id='line_1_32' title="bbox 0 1581 1640 1632; baseline 0 -10"><span class='ocrx_word' id='word_1_174' title='bbox 0 1581 44 1629; x_wconf 57' lang='grc' dir='ltr'><strong>,ξ</strong></span> <span class='ocrx_word' id='word_1_175' title='bbox 55 1597 73 1632; x_wconf 76' lang='lat'><strong>.†</strong></span> <span class='ocrx_word' id='word_1_176' title='bbox 131 1585 292 1631; x_wconf 59' lang='lat' dir='ltr'><strong>ridetur.</strong></span> <span class='ocrx_word' id='word_1_177' title='bbox 341 1585 431 1621; x_wconf 91' lang='lat' dir='ltr'><strong>Cum</strong></span> <span class='ocrx_word' id='word_1_178' title='bbox 444 1585 536 1621; x_wconf 87' lang='lat' dir='ltr'><strong>enim</strong></span> <span class='ocrx_word' id='word_1_179' title='bbox 549 1584 596 1620; x_wconf 89' lang='lat' dir='ltr'><strong>ad</strong></span> <span class='ocrx_word' id='word_1_180' title='bbox 609 1583 780 1630; x_wconf 87' lang='lat' dir='ltr'><strong>Scaligeri</strong></span> <span class='ocrx_word' id='word_1_181' title='bbox 795 1584 1008 1619; x_wconf 85' lang='lat' dir='ltr'><strong>sententiam</strong></span> <span class='ocrx_word' id='word_1_182' title='bbox 1021 1585 1066 1631; x_wconf 71' lang='lat' dir='ltr'><strong>ab</strong></span> <span class='ocrx_word' id='word_1_183' title='bbox 1079 1585 1242 1624; x_wconf 85' lang='lat' dir='ltr'><strong>omnibus</strong></span> <span class='ocrx_word' id='word_1_184' title='bbox 1256 1585 1328 1620; x_wconf 87' lang='lat' dir='ltr'><strong>fere</strong></span> <span class='ocrx_word' id='word_1_185' title='bbox 1341 1586 1459 1622; x_wconf 86' lang='lat' dir='ltr'><strong>adhuc</strong></span> <span class='ocrx_word' id='word_1_186' title='bbox 1472 1587 1640 1622; x_wconf 82' lang='lat' dir='ltr'><strong>reiectam</strong></span> 
     </span>
     <span class='ocr_line' id='line_1_33' title="bbox 140 1641 1640 1688; baseline 0.001 -10.829"><span class='ocrx_word' id='word_1_187' title='bbox 140 1644 320 1679; x_wconf 86' lang='lat' dir='ltr'><strong>revertens</strong></span> <span class='ocrx_word' id='word_1_188' title='bbox 347 1642 388 1681; x_wconf 90' lang='lat' dir='ltr'><strong>V.</strong></span> <span class='ocrx_word' id='word_1_189' title='bbox 415 1642 462 1678; x_wconf 83' lang='lat'><strong>32</strong></span> <span class='ocrx_word' id='word_1_190' title='bbox 499 1641 726 1688; x_wconf 84' lang='lat' dir='ltr'><strong>negationem</strong></span> <span class='ocrx_word' id='word_1_191' title='bbox 757 1652 826 1676; x_wconf 90' lang='lat' dir='ltr'><strong>non</strong></span> <span class='ocrx_word' id='word_1_192' title='bbox 864 1641 912 1676; x_wconf 91' lang='lat' dir='ltr'><strong>ad</strong></span> <span class='ocrx_word' id='word_1_193' title='bbox 937 1641 1094 1683; x_wconf 74' lang='lat' dir='ltr'><strong>„inflati-⁶</strong></span> <span class='ocrx_word' id='word_1_194' title='bbox 1132 1641 1194 1677; x_wconf 89' lang='lat' dir='ltr'><strong>sed</strong></span> <span class='ocrx_word' id='word_1_195' title='bbox 1223 1641 1269 1677; x_wconf 88' lang='lat' dir='ltr'><strong>ad</strong></span> <span class='ocrx_word' id='word_1_196' title='bbox 1307 1643 1484 1684; x_wconf 58' lang='lat' dir='ltr'><strong>„imiter-&amp;⁴</strong></span> <span class='ocrx_word' id='word_1_197' title='bbox 1521 1644 1640 1688; x_wconf 86' lang='lat' dir='ltr'><strong>refert,</strong></span> 
     </span>
     <span class='ocr_line' id='line_1_34' title="bbox 141 1692 1641 1747; baseline 0 -10"><span class='ocrx_word' id='word_1_198' title='bbox 141 1692 367 1747; x_wconf 67' lang='lat' dir='ltr'><strong>Propertium</strong></span> <span class='ocrx_word' id='word_1_199' title='bbox 388 1699 598 1735; x_wconf 84' lang='lat' dir='ltr'><strong>Callimachi</strong></span> <span class='ocrx_word' id='word_1_200' title='bbox 622 1699 728 1733; x_wconf 87' lang='lat' dir='ltr'><strong>Aetia</strong></span> <span class='ocrx_word' id='word_1_201' title='bbox 751 1700 793 1733; x_wconf 92' lang='lat' dir='ltr'><strong>ut</strong></span> <span class='ocrx_word' id='word_1_202' title='bbox 817 1697 943 1733; x_wconf 80' lang='lat' dir='ltr'><strong>inflata</strong></span> <span class='ocrx_word' id='word_1_203' title='bbox 972 1698 1232 1745; x_wconf 85' lang='lat' dir='ltr'><strong>vituperantem</strong></span> <span class='ocrx_word' id='word_1_204' title='bbox 1257 1699 1353 1735; x_wconf 82' lang='lat' dir='ltr'><strong>facit.</strong></span> <span class='ocrx_word' id='word_1_205' title='bbox 1402 1700 1490 1745; x_wconf 85' lang='lat' dir='ltr'><strong>Quis</strong></span> <span class='ocrx_word' id='word_1_206' title='bbox 1520 1704 1641 1737; x_wconf 87' lang='lat' dir='ltr'><strong>autem</strong></span> 
     </span>
     <span class='ocr_line' id='line_1_35' title="bbox 141 1755 1640 1805; baseline 0 -10"><span class='ocrx_word' id='word_1_207' title='bbox 141 1758 210 1795; x_wconf 81' lang='lat' dir='ltr'><strong>sibi</strong></span> <span class='ocrx_word' id='word_1_208' title='bbox 225 1757 442 1805; x_wconf 84' lang='lat' dir='ltr'><strong>persuadere</strong></span> <span class='ocrx_word' id='word_1_209' title='bbox 456 1758 589 1803; x_wconf 91' lang='lat' dir='ltr'><strong>potest,</strong></span> <span class='ocrx_word' id='word_1_210' title='bbox 605 1757 749 1802; x_wconf 84' lang='lat' dir='ltr'><strong>poetam</strong></span> <span class='ocrx_word' id='word_1_211' title='bbox 762 1755 799 1791; x_wconf 92' lang='lat' dir='ltr'><strong>id</strong></span> <span class='ocrx_word' id='word_1_212' title='bbox 812 1756 1008 1791; x_wconf 85' lang='lat' dir='ltr'><strong>carminum</strong></span> <span class='ocrx_word' id='word_1_213' title='bbox 1021 1766 1132 1802; x_wconf 88' lang='lat' dir='ltr'><strong>genus</strong></span> <span class='ocrx_word' id='word_1_214' title='bbox 1148 1756 1369 1803; x_wconf 85' lang='lat' dir='ltr'><strong>Callimacho</strong></span> <span class='ocrx_word' id='word_1_215' title='bbox 1394 1758 1529 1794; x_wconf 86' lang='lat' dir='ltr'><strong>crimini</strong></span> <span class='ocrx_word' id='word_1_216' title='bbox 1544 1759 1640 1803; x_wconf 83' lang='lat' dir='ltr'><strong>dare,</strong></span> 
     </span>
     <span class='ocr_line' id='line_1_36' title="bbox 23 1814 1639 1864; baseline 0.001 -14"><span class='ocrx_word' id='word_1_217' title='bbox 23 1829 50 1864; x_wconf 99' lang='lat'>5</span> <span class='ocrx_word' id='word_1_218' title='bbox 68 1848 76 1863; x_wconf 79' lang='lat'><strong>-.</strong></span> <span class='ocrx_word' id='word_1_219' title='bbox 112 1816 241 1863; x_wconf 85' lang='lat' dir='ltr'><strong>·quod</strong></span> <span class='ocrx_word' id='word_1_220' title='bbox 279 1826 319 1851; x_wconf 90' lang='lat' dir='ltr'><strong>se</strong></span> <span class='ocrx_word' id='word_1_221' title='bbox 353 1815 471 1861; x_wconf 91' lang='lat' dir='ltr'><strong>ipsum</strong></span> <span class='ocrx_word' id='word_1_222' title='bbox 506 1814 684 1849; x_wconf 89' lang='lat' dir='ltr'><strong>imitatum</strong></span> <span class='ocrx_word' id='word_1_223' title='bbox 719 1824 798 1848; x_wconf 83' lang='lat' dir='ltr'><strong>esse</strong></span> <span class='ocrx_word' id='word_1_224' title='bbox 837 1824 918 1848; x_wconf 87' lang='lat' dir='ltr'><strong>cum</strong></span> <span class='ocrx_word' id='word_1_225' title='bbox 961 1814 1202 1849; x_wconf 87' lang='lat' dir='ltr'><strong>ostentatione</strong></span> <span class='ocrx_word' id='word_1_226' title='bbox 1244 1814 1400 1860; x_wconf 87' lang='lat' dir='ltr'><strong>quadam</strong></span> <span class='ocrx_word' id='word_1_227' title='bbox 1443 1816 1639 1862; x_wconf 86' lang='lat' dir='ltr'><strong>profitetur.</strong></span> 
     </span>
     <span class='ocr_line' id='line_1_37' title="bbox 2 1858 1642 1920; baseline -0.001 -10"><span class='ocrx_word' id='word_1_228' title='bbox 2 1861 78 1919; x_wconf 49' lang='lat' dir='ltr'><strong>³⁹,ss-</strong></span> <span class='ocrx_word' id='word_1_229' title='bbox 99 1890 107 1914; x_wconf 73' lang='grc'><strong>·,</strong></span> <span class='ocrx_word' id='word_1_230' title='bbox 142 1872 366 1920; x_wconf 82' lang='lat' dir='ltr'><strong>Quamquam</strong></span> <span class='ocrx_word' id='word_1_231' title='bbox 391 1871 564 1918; x_wconf 84' lang='lat' dir='ltr'><strong>Langium</strong></span> <span class='ocrx_word' id='word_1_232' title='bbox 587 1870 624 1907; x_wconf 92' lang='lat' dir='ltr'><strong>id</strong></span> <span class='ocrx_word' id='word_1_233' title='bbox 651 1858 770 1913; x_wconf 73' lang='lat' dir='ltr'><strong>„nullo</strong></span> <span class='ocrx_word' id='word_1_234' title='bbox 796 1870 902 1906; x_wconf 89' lang='lat' dir='ltr'><strong>modo</strong></span> <span class='ocrx_word' id='word_1_235' title='bbox 926 1873 1124 1906; x_wconf 82' lang='lat' dir='ltr'><strong>moratur“:</strong></span> <span class='ocrx_word' id='word_1_236' title='bbox 1159 1873 1265 1917; x_wconf 90' lang='lat' dir='ltr'><strong>putat</strong></span> <span class='ocrx_word' id='word_1_237' title='bbox 1289 1872 1392 1916; x_wconf 88' lang='lat' dir='ltr'><strong>enim,</strong></span> <span class='ocrx_word' id='word_1_238' title='bbox 1418 1872 1642 1919; x_wconf 83' lang='lat' dir='ltr'><strong>Propertium</strong></span> 
     </span>
     <span class='ocr_line' id='line_1_38' title="bbox 9 1927 1642 1981; baseline -0.002 -12"><span class='ocrx_word' id='word_1_239' title='bbox 9 1932 63 1981; x_wconf 26' lang='grc' dir='ltr'><strong>’,ζ’</strong></span> <span class='ocrx_word' id='word_1_240' title='bbox 113 1930 302 1978; x_wconf 65' lang='lat' dir='ltr'><strong>&#39;joarmina</strong></span> <span class='ocrx_word' id='word_1_241' title='bbox 337 1929 553 1975; x_wconf 84' lang='lat' dir='ltr'><strong>aetiologica</strong></span> <span class='ocrx_word' id='word_1_242' title='bbox 587 1930 652 1963; x_wconf 84' lang='lat' dir='ltr'><strong>aut</strong></span> <span class='ocrx_word' id='word_1_243' title='bbox 686 1929 806 1963; x_wconf 87' lang='lat' dir='ltr'><strong>aetate</strong></span> <span class='ocrx_word' id='word_1_244' title='bbox 840 1927 985 1963; x_wconf 90' lang='lat' dir='ltr'><strong>iuvenili</strong></span> <span class='ocrx_word' id='word_1_245' title='bbox 1021 1927 1226 1964; x_wconf 87' lang='lat' dir='ltr'><strong>condidisse</strong></span> <span class='ocrx_word' id='word_1_246' title='bbox 1261 1949 1306 1955; x_wconf 89' lang='lat'>—</span> <span class='ocrx_word' id='word_1_247' title='bbox 1342 1930 1440 1975; x_wconf 85' lang='lat' dir='ltr'><strong>quod</strong></span> <span class='ocrx_word' id='word_1_248' title='bbox 1472 1929 1642 1966; x_wconf 89' lang='lat' dir='ltr'><strong>iudicium</strong></span> 
     </span>
     <span class='ocr_line' id='line_1_39' title="bbox 10 1982 1645 2034; baseline 0.002 -14"><span class='ocrx_word' id='word_1_249' title='bbox 10 1986 30 2008; x_wconf 56' lang='grc' dir='ltr'>ἒ</span> <span class='ocrx_word' id='word_1_250' title='bbox 48 1982 119 2030; x_wconf 46' lang='grc' dir='ltr'><strong>Ἆῤ</strong></span> <span class='ocrx_word' id='word_1_251' title='bbox 143 1985 274 2024; x_wconf 79' lang='lat' dir='ltr'><strong>falsum</strong></span> <span class='ocrx_word' id='word_1_252' title='bbox 297 1997 378 2023; x_wconf 89' lang='lat' dir='ltr'><strong>esse</strong></span> <span class='ocrx_word' id='word_1_253' title='bbox 401 1997 447 2023; x_wconf 87' lang='lat' dir='ltr'><strong>ex</strong></span> <span class='ocrx_word' id='word_1_254' title='bbox 470 1996 513 2022; x_wconf 92' lang='lat' dir='ltr'><strong>eo</strong></span> <span class='ocrx_word' id='word_1_255' title='bbox 537 1984 635 2033; x_wconf 90' lang='lat' dir='ltr'><strong>quod</strong></span> <span class='ocrx_word' id='word_1_256' title='bbox 659 1996 771 2033; x_wconf 79' lang='lat' dir='ltr'><strong>supra</strong></span> <span class='ocrx_word' id='word_1_257' title='bbox 793 1985 1115 2022; x_wconf 85' lang='lat' dir='ltr'><strong>demonstravimus</strong></span> <span class='ocrx_word' id='word_1_258' title='bbox 1140 1985 1267 2030; x_wconf 87' lang='lat' dir='ltr'><strong>elucet,</strong></span> <span class='ocrx_word' id='word_1_259' title='bbox 1292 2007 1336 2013; x_wconf 89' lang='lat'><strong>—</strong></span> <span class='ocrx_word' id='word_1_260' title='bbox 1361 1989 1425 2023; x_wconf 87' lang='lat' dir='ltr'><strong>aut</strong></span> <span class='ocrx_word' id='word_1_261' title='bbox 1449 1988 1478 2023; x_wconf 91' lang='lat' dir='ltr'><strong>si</strong></span> <span class='ocrx_word' id='word_1_262' title='bbox 1515 1990 1645 2034; x_wconf 84' lang='lat' dir='ltr'><strong>postea</strong></span> 
     </span>
    </p>

    <p class='ocr_par' dir='ltr' id='par_1_8' title="bbox 69 2043 1642 2093">
     <span class='ocr_line' id='line_1_40' title="bbox 117 2043 1642 2091; baseline -0.001 -9.031"><span class='ocrx_word' id='word_1_263' title='bbox 117 2054 189 2091; x_wconf 6' lang='lat' dir='ltr'><strong>‚ica</strong></span> <span class='ocrx_word' id='word_1_264' title='bbox 210 2045 381 2088; x_wconf 82' lang='lat' dir='ltr'><strong>condidit,</strong></span> <span class='ocrx_word' id='word_1_265' title='bbox 405 2055 487 2080; x_wconf 92' lang='lat' dir='ltr'><strong>eum</strong></span> <span class='ocrx_word' id='word_1_266' title='bbox 510 2043 681 2079; x_wconf 87' lang='lat' dir='ltr'><strong>iudicium</strong></span> <span class='ocrx_word' id='word_1_267' title='bbox 703 2045 862 2079; x_wconf 74' lang='lat' dir='ltr'><strong>mutasse</strong></span> <span class='ocrx_word' id='word_1_268' title='bbox 886 2046 922 2079; x_wconf 88' lang='lat' dir='ltr'><strong>et</strong></span> <span class='ocrx_word' id='word_1_269' title='bbox 951 2054 1043 2089; x_wconf 83' lang='lat' dir='ltr'><strong>quae</strong></span> <span class='ocrx_word' id='word_1_270' title='bbox 1068 2046 1175 2079; x_wconf 88' lang='lat' dir='ltr'><strong>antea</strong></span> <span class='ocrx_word' id='word_1_271' title='bbox 1199 2044 1386 2089; x_wconf 83' lang='lat' dir='ltr'><strong>petiverat,</strong></span> <span class='ocrx_word' id='word_1_272' title='bbox 1425 2045 1642 2090; x_wconf 66' lang='lat' dir='ltr'><strong>deseruisse:</strong></span> 
     </span>
    </p>

    <p class='ocr_par' dir='ltr' id='par_1_9' title="bbox 67 2093 1641 2152">
     <span class='ocr_line' id='line_1_41' title="bbox 143 2100 1641 2149; baseline 0 -11"><span class='ocrx_word' id='word_1_273' title='bbox 143 2103 255 2149; x_wconf 74' lang='lat' dir='ltr'><strong>atquc</strong></span> <span class='ocrx_word' id='word_1_274' title='bbox 267 2100 335 2137; x_wconf 90' lang='lat' dir='ltr'><strong>hoc</strong></span> <span class='ocrx_word' id='word_1_275' title='bbox 358 2112 438 2138; x_wconf 86' lang='lat' dir='ltr'><strong>cum</strong></span> <span class='ocrx_word' id='word_1_276' title='bbox 454 2100 537 2136; x_wconf 87' lang='lat' dir='ltr'><strong>inde</strong></span> <span class='ocrx_word' id='word_1_277' title='bbox 554 2111 736 2147; x_wconf 81' lang='lat' dir='ltr'><strong>apparere,</strong></span> <span class='ocrx_word' id='word_1_278' title='bbox 766 2100 862 2147; x_wconf 85' lang='lat' dir='ltr'><strong>quod</strong></span> <span class='ocrx_word' id='word_1_279' title='bbox 886 2104 1028 2146; x_wconf 82' lang='lat' dir='ltr'><strong>praeter</strong></span> <span class='ocrx_word' id='word_1_280' title='bbox 1059 2112 1194 2147; x_wconf 81' lang='lat' dir='ltr'><strong>paucas</strong></span> <span class='ocrx_word' id='word_1_281' title='bbox 1219 2101 1300 2137; x_wconf 72' lang='lat' dir='ltr'><strong>illas</strong></span> <span class='ocrx_word' id='word_1_282' title='bbox 1327 2101 1443 2138; x_wconf 86' lang='lat' dir='ltr'><strong>nullas</strong></span> <span class='ocrx_word' id='word_1_283' title='bbox 1468 2103 1641 2138; x_wconf 86' lang='lat' dir='ltr'><strong>eiusmodi</strong></span> 
     </span>
    </p>

    <p class='ocr_par' dir='ltr' id='par_1_10' title="bbox 68 2155 1649 2731">
     <span class='ocr_line' id='line_1_42' title="bbox 119 2158 1108 2206; baseline -0.004 -10.196"><span class='ocrx_word' id='word_1_284' title='bbox 119 2181 128 2190; x_wconf 53' lang='grc' dir='ltr'><strong>ι</strong></span> <span class='ocrx_word' id='word_1_285' title='bbox 144 2158 280 2206; x_wconf 73' lang='lat' dir='ltr'><strong>elegias</strong></span> <span class='ocrx_word' id='word_1_286' title='bbox 305 2159 518 2205; x_wconf 78' lang='lat' dir='ltr'><strong>composuit,</strong></span> <span class='ocrx_word' id='word_1_287' title='bbox 543 2160 619 2194; x_wconf 89' lang='lat' dir='ltr'><strong>tum</strong></span> <span class='ocrx_word' id='word_1_288' title='bbox 642 2169 688 2194; x_wconf 87' lang='lat' dir='ltr'><strong>ex</strong></span> <span class='ocrx_word' id='word_1_289' title='bbox 711 2158 901 2194; x_wconf 58' lang='lat' dir='ltr'><strong>illrfversu</strong></span> <span class='ocrx_word' id='word_1_290' title='bbox 926 2158 965 2195; x_wconf 91' lang='lat' dir='ltr'><strong>V.</strong></span> <span class='ocrx_word' id='word_1_291' title='bbox 992 2160 1023 2202; x_wconf 86' lang='lat'><strong>1,</strong></span> <span class='ocrx_word' id='word_1_292' title='bbox 1049 2159 1108 2194; x_wconf 82' lang='lat'><strong>71:</strong></span> 
     </span>
     <span class='ocr_line' id='line_1_43' title="bbox 76 2216 1373 2268; baseline 0.001 -17"><span class='ocrx_word' id='word_1_293' title='bbox 76 2248 98 2268; x_wconf 46' lang='grc' dir='ltr'><strong>ἐ,</strong></span> <span class='ocrx_word' id='word_1_294' title='bbox 420 2227 492 2263; x_wconf 89' lang='lat' dir='ltr'><strong>quo</strong></span> <span class='ocrx_word' id='word_1_295' title='bbox 517 2216 591 2251; x_wconf 80' lang='lat' dir='ltr'><strong>ruis</strong></span> <span class='ocrx_word' id='word_1_296' title='bbox 616 2216 821 2262; x_wconf 82' lang='lat' dir='ltr'><strong>imprudens</strong></span> <span class='ocrx_word' id='word_1_297' title='bbox 847 2227 936 2262; x_wconf 82' lang='lat' dir='ltr'><strong>vage</strong></span> <span class='ocrx_word' id='word_1_298' title='bbox 959 2216 1076 2252; x_wconf 89' lang='lat' dir='ltr'><strong>dicere</strong></span> <span class='ocrx_word' id='word_1_299' title='bbox 1100 2216 1178 2252; x_wconf 85' lang='lat' dir='ltr'><strong>fata</strong></span> <span class='ocrx_word' id='word_1_300' title='bbox 1200 2216 1373 2263; x_wconf 86' lang='lat' dir='ltr'><strong>Properti.</strong></span> 
     </span>
     <span class='ocr_line' id='line_1_44' title="bbox 69 2268 1647 2321; baseline 0.001 -12"><span class='ocrx_word' id='word_1_301' title='bbox 69 2268 95 2293; x_wconf 72' lang='lat'><strong>⁷·-</strong></span> <span class='ocrx_word' id='word_1_302' title='bbox 145 2271 330 2310; x_wconf 77' lang='lat' dir='ltr'><strong>Se&#39;d-haec</strong></span> <span class='ocrx_word' id='word_1_303' title='bbox 354 2275 564 2320; x_wconf 85' lang='lat' dir='ltr'><strong>argumenta</strong></span> <span class='ocrx_word' id='word_1_304' title='bbox 586 2273 682 2316; x_wconf 86' lang='lat' dir='ltr'><strong>omni</strong></span> <span class='ocrx_word' id='word_1_305' title='bbox 706 2274 740 2308; x_wconf 91' lang='lat' dir='ltr'><strong>vi</strong></span> <span class='ocrx_word' id='word_1_306' title='bbox 772 2276 911 2317; x_wconf 85' lang='lat' dir='ltr'><strong>carent;</strong></span> <span class='ocrx_word' id='word_1_307' title='bbox 948 2273 1049 2317; x_wconf 88' lang='lat' dir='ltr'><strong>illud,</strong></span> <span class='ocrx_word' id='word_1_308' title='bbox 1087 2274 1184 2321; x_wconf 91' lang='lat' dir='ltr'><strong>quod</strong></span> <span class='ocrx_word' id='word_1_309' title='bbox 1215 2275 1325 2320; x_wconf 85' lang='lat' dir='ltr'><strong>poeta</strong></span> <span class='ocrx_word' id='word_1_310' title='bbox 1354 2285 1447 2321; x_wconf 92' lang='lat' dir='ltr'><strong>opus</strong></span> <span class='ocrx_word' id='word_1_311' title='bbox 1477 2275 1647 2321; x_wconf 87' lang='lat' dir='ltr'><strong>perficere</strong></span> 
     </span>
     <span class='ocr_line' id='line_1_45' title="bbox 145 2330 1646 2377; baseline 0.002 -10"><span class='ocrx_word' id='word_1_312' title='bbox 145 2332 260 2377; x_wconf 73' lang='lat' dir='ltr'><strong>morte</strong></span> <span class='ocrx_word' id='word_1_313' title='bbox 275 2333 503 2376; x_wconf 82' lang='lat' dir='ltr'><strong>praematura</strong></span> <span class='ocrx_word' id='word_1_314' title='bbox 518 2330 721 2377; x_wconf 85' lang='lat' dir='ltr'><strong>prohibitus</strong></span> <span class='ocrx_word' id='word_1_315' title='bbox 739 2332 804 2373; x_wconf 87' lang='lat' dir='ltr'><strong>est,</strong></span> <span class='ocrx_word' id='word_1_316' title='bbox 828 2331 909 2374; x_wconf 89' lang='lat' dir='ltr'><strong>hoc,</strong></span> <span class='ocrx_word' id='word_1_317' title='bbox 935 2331 1021 2377; x_wconf 86' lang='lat' dir='ltr'><strong>quia</strong></span> <span class='ocrx_word' id='word_1_318' title='bbox 1038 2341 1084 2366; x_wconf 89' lang='lat' dir='ltr'><strong>ex</strong></span> <span class='ocrx_word' id='word_1_319' title='bbox 1101 2330 1164 2366; x_wconf 87' lang='lat' dir='ltr'><strong>illa</strong></span> <span class='ocrx_word' id='word_1_320' title='bbox 1187 2330 1353 2367; x_wconf 86' lang='lat' dir='ltr'><strong>carminis</strong></span> <span class='ocrx_word' id='word_1_321' title='bbox 1377 2331 1482 2377; x_wconf 88' lang='lat' dir='ltr'><strong>primi</strong></span> <span class='ocrx_word' id='word_1_322' title='bbox 1506 2331 1580 2377; x_wconf 90' lang='lat' dir='ltr'><strong>(lib.</strong></span> <span class='ocrx_word' id='word_1_323' title='bbox 1591 2332 1646 2376; x_wconf 88' lang='lat' dir='ltr'><strong>V.)</strong></span> 
     </span>
     <span class='ocr_line' id='line_1_46' title="bbox 145 2386 1326 2438; baseline -0.001 -15"><span class='ocrx_word' id='word_1_324' title='bbox 145 2386 416 2438; x_wconf 77' lang='lat' dir='ltr'><strong>continuatione</strong></span> <span class='ocrx_word' id='word_1_325' title='bbox 438 2387 563 2424; x_wconf 82' lang='lat' dir='ltr'><strong>iocosa</strong></span> <span class='ocrx_word' id='word_1_326' title='bbox 585 2389 623 2423; x_wconf 90' lang='lat' dir='ltr'><strong>et</strong></span> <span class='ocrx_word' id='word_1_327' title='bbox 644 2388 798 2423; x_wconf 88' lang='lat' dir='ltr'><strong>ridicula</strong></span> <span class='ocrx_word' id='word_1_328' title='bbox 821 2388 910 2423; x_wconf 91' lang='lat' dir='ltr'><strong>nihil</strong></span> <span class='ocrx_word' id='word_1_329' title='bbox 936 2388 1023 2424; x_wconf 88' lang='lat' dir='ltr'><strong>certi</strong></span> <span class='ocrx_word' id='word_1_330' title='bbox 1049 2388 1169 2433; x_wconf 87' lang='lat' dir='ltr'><strong>colligi</strong></span> <span class='ocrx_word' id='word_1_331' title='bbox 1194 2389 1326 2434; x_wconf 79' lang='lat' dir='ltr'><strong>potest.</strong></span> 
     </span>
     <span class='ocr_line' id='line_1_47' title="bbox 281 2443 1646 2491; baseline 0.001 -12"><span class='ocrx_word' id='word_1_332' title='bbox 281 2443 313 2489; x_wconf 63' lang='grc' dir='ltr'><strong>ἲ)</strong></span> <span class='ocrx_word' id='word_1_333' title='bbox 337 2443 418 2479; x_wconf 87' lang='grc' dir='ltr'><strong>Νοιι</strong></span> <span class='ocrx_word' id='word_1_334' title='bbox 441 2444 572 2480; x_wconf 84' lang='lat' dir='ltr'><strong>desunt</strong></span> <span class='ocrx_word' id='word_1_335' title='bbox 602 2447 733 2491; x_wconf 85' lang='lat' dir='ltr'><strong>poetae</strong></span> <span class='ocrx_word' id='word_1_336' title='bbox 757 2445 883 2480; x_wconf 88' lang='lat' dir='ltr'><strong>Graeci</strong></span> <span class='ocrx_word' id='word_1_337' title='bbox 917 2445 979 2491; x_wconf 91' lang='lat' dir='ltr'><strong>qui</strong></span> <span class='ocrx_word' id='word_1_338' title='bbox 1009 2445 1193 2482; x_wconf 84' lang='lat' dir='ltr'><strong>Romanas</strong></span> <span class='ocrx_word' id='word_1_339' title='bbox 1229 2444 1371 2481; x_wconf 81' lang='lat' dir='ltr'><strong>fabulas</strong></span> <span class='ocrx_word' id='word_1_340' title='bbox 1409 2445 1646 2481; x_wconf 83' lang='lat' dir='ltr'><strong>narraverint:</strong></span> 
     </span>
     <span class='ocr_line' id='line_1_48' title="bbox 147 2501 1649 2551; baseline 0.002 -16"><span class='ocrx_word' id='word_1_341' title='bbox 147 2509 220 2551; x_wconf 78' lang='lat' dir='ltr'><strong>quo</strong></span> <span class='ocrx_word' id='word_1_342' title='bbox 236 2509 282 2536; x_wconf 82' lang='lat' dir='ltr'><strong>ex</strong></span> <span class='ocrx_word' id='word_1_343' title='bbox 298 2510 443 2546; x_wconf 82' lang='lat' dir='ltr'><strong>numero</strong></span> <span class='ocrx_word' id='word_1_344' title='bbox 459 2502 667 2539; x_wconf 87' lang='lat' dir='ltr'><strong>nominandi</strong></span> <span class='ocrx_word' id='word_1_345' title='bbox 684 2503 770 2539; x_wconf 88' lang='lat' dir='ltr'><strong>sunt</strong></span> <span class='ocrx_word' id='word_1_346' title='bbox 780 2502 893 2539; x_wconf 90' lang='lat' dir='ltr'><strong>Butas</strong></span> <span class='ocrx_word' id='word_1_347' title='bbox 907 2525 950 2529; x_wconf 97' lang='lat'><strong>—</strong></span> <span class='ocrx_word' id='word_1_348' title='bbox 964 2513 1008 2539; x_wconf 85' lang='lat' dir='ltr'><strong>ex</strong></span> <span class='ocrx_word' id='word_1_349' title='bbox 1025 2514 1097 2550; x_wconf 91' lang='lat' dir='ltr'><strong>quo</strong></span> <span class='ocrx_word' id='word_1_350' title='bbox 1113 2501 1328 2538; x_wconf 87' lang='lat' dir='ltr'><strong>Plutarchus</strong></span> <span class='ocrx_word' id='word_1_351' title='bbox 1341 2502 1514 2539; x_wconf 86' lang='lat' dir='ltr'><strong>nonnulla</strong></span> <span class='ocrx_word' id='word_1_352' title='bbox 1526 2503 1649 2539; x_wconf 79' lang='lat' dir='ltr'><strong>hausit</strong></span> 
     </span>
     <span class='ocr_line' id='line_1_49' title="bbox 140 2556 1648 2608; baseline -0.001 -11"><span class='ocrx_word' id='word_1_353' title='bbox 140 2556 199 2597; x_wconf 58' lang='lat' dir='ltr'><strong>‘de&#39;</strong></span> <span class='ocrx_word' id='word_1_354' title='bbox 227 2556 496 2604; x_wconf 78' lang='lat' dir='ltr'><strong>Lupercalibus,</strong></span> <span class='ocrx_word' id='word_1_355' title='bbox 531 2560 711 2596; x_wconf 88' lang='lat' dir='ltr'><strong>Aruobius</strong></span> <span class='ocrx_word' id='word_1_356' title='bbox 748 2560 792 2595; x_wconf 89' lang='lat' dir='ltr'><strong>de</strong></span> <span class='ocrx_word' id='word_1_357' title='bbox 822 2560 924 2596; x_wconf 88' lang='lat' dir='ltr'><strong>Bona</strong></span> <span class='ocrx_word' id='word_1_358' title='bbox 946 2560 1024 2596; x_wconf 88' lang='lat' dir='ltr'><strong>Dea</strong></span> <span class='ocrx_word' id='word_1_359' title='bbox 1053 2581 1099 2586; x_wconf 88' lang='lat'>—</span> <span class='ocrx_word' id='word_1_360' title='bbox 1128 2559 1296 2606; x_wconf 87' lang='lat' dir='ltr'><strong>Simylus,</strong></span> <span class='ocrx_word' id='word_1_361' title='bbox 1331 2560 1548 2608; x_wconf 81' lang='lat' dir='ltr'><strong>Agathyllus</strong></span> <span class='ocrx_word' id='word_1_362' title='bbox 1584 2561 1648 2608; x_wconf 82' lang='lat' dir='ltr'><strong>(cf.</strong></span> 
     </span>
     <span class='ocr_line' id='line_1_50' title="bbox 139 2611 1649 2667; baseline 0.005 -18"><span class='ocrx_word' id='word_1_363' title='bbox 139 2613 297 2666; x_wconf 55' lang='lat' dir='ltr'><strong>mm&amp;</strong></span> <span class='ocrx_word' id='word_1_364' title='bbox 321 2613 406 2667; x_wconf 68' lang='lat' dir='ltr'><strong>Hal.</strong></span> <span class='ocrx_word' id='word_1_365' title='bbox 428 2614 455 2652; x_wconf 94' lang='lat'><strong>1.</strong></span> <span class='ocrx_word' id='word_1_366' title='bbox 468 2616 532 2665; x_wconf 86' lang='lat'><strong>49)</strong></span> <span class='ocrx_word' id='word_1_367' title='bbox 557 2617 688 2665; x_wconf 88' lang='lat' dir='ltr'><strong>quibus</strong></span> <span class='ocrx_word' id='word_1_368' title='bbox 704 2611 832 2655; x_wconf 84' lang='lat' dir='ltr'><strong>merito</strong></span> <span class='ocrx_word' id='word_1_369' title='bbox 849 2628 872 2655; x_wconf 83' lang='lat' dir='ltr'><strong>a</strong></span> <span class='ocrx_word' id='word_1_370' title='bbox 887 2617 1081 2656; x_wconf 87' lang='lat' dir='ltr'><strong>Niebuhrio</strong></span> <span class='ocrx_word' id='word_1_371' title='bbox 1106 2628 1247 2655; x_wconf 83' lang='lat' dir='ltr'><strong>summa</strong></span> <span class='ocrx_word' id='word_1_372' title='bbox 1270 2616 1495 2665; x_wconf 84' lang='lat' dir='ltr'><strong>neglegentia</strong></span> <span class='ocrx_word' id='word_1_373' title='bbox 1518 2630 1649 2666; x_wconf 87' lang='lat' dir='ltr'><strong>expro-</strong></span> 
     </span>
     <span class='ocr_line' id='line_1_51' title="bbox 140 2668 868 2731; baseline 0.005 -22"><span class='ocrx_word' id='word_1_374' title='bbox 140 2668 284 2731; x_wconf 50' lang='lat' dir='ltr'><strong>piatur.</strong></span> <span class='ocrx_word' id='word_1_375' title='bbox 330 2672 438 2718; x_wconf 84' lang='lat' dir='ltr'><strong>(Hist.</strong></span> <span class='ocrx_word' id='word_1_376' title='bbox 463 2673 565 2713; x_wconf 85' lang='lat' dir='ltr'><strong>Rom.</strong></span> <span class='ocrx_word' id='word_1_377' title='bbox 589 2675 635 2711; x_wconf 87' lang='grc' dir='ltr'><strong>ΙΙ.</strong></span> <span class='ocrx_word' id='word_1_378' title='bbox 657 2676 868 2722; x_wconf 53' lang='lat'>218-2190</span> 
     </span>
    </p>
   </div>
  </div>
 </body>
</html>
