1945 3041
341 253 354 328 Β,ζ
377 276 485 336 ΡΘ
497 242 628 327 tertia
643 270 768 338 parte
787 280 1003 335 carminis,
1033 293 1118 337 qua
1145 283 1276 347 poeta
1294 279 1528 337 praefatur,
1558 279 1660 336 quid
1679 293 1774 323 car-

156 353 161 356 ’
241 346 462 406 {amnibus
490 347 694 392 Romanis
722 351 983 393 tractaturus
1011 349 1080 404 sit,
1110 348 1217 392 nihil
1246 352 1311 392 est
1340 346 1452 404 quod
1482 348 1701 393 disseram.
1715 348 1745 403 ¹)

328 476 343 519 j
404 471 439 519 ¹)
459 469 617 511 carmini
645 470 760 519 primo
785 469 972 510 subiuneti
1002 473 1088 513 sunt
1119 471 1308 518 octoginta
1337 481 1479 516 versuS‚
1503 471 1635 519 quibus
1665 473 1776 518 poeta

265 527 512 575 horoscopum
526 527 706 575 quendam
720 526 959 577 Babylonium
973 527 1112 571 inducit
1134 526 1203 567 sibi
1219 527 1480 575 obiurgantem,
1503 528 1603 576 qnod
1626 528 1674 564 ad
1698 527 1772 564 tale

324 631 327 634 .
403 583 516 631 quale
531 583 603 621 sibi
623 583 869 631 proposuerit,
898 584 1101 627 accesserit.
1148 584 1239 620 Cum
1267 584 1368 621 illum
1399 584 1642 632 horoscopum
1665 584 1773 632 origi-

329 639 600 693 jocamentum
615 636 732 677 faciat
743 650 787 677 ex
805 639 964 688 Conone,
986 643 1098 689 poeta
1119 641 1300 689 cogitasse
1315 641 1457 679 videtur
1472 642 1518 678 de
1533 641 1597 679 illo
1612 642 1775 686 Conone,

330 692 341 733 ’-,
354 697 572 743 menneo
588 699 761 753 regnante
789 708 930 734 comam
951 698 1139 735 Berenices
1169 699 1206 735 in
1238 698 1424 735 stellarum
1446 709 1631 736 numerum
1660 701 1774 735 rettu-

248 785 322 851 ,ζὴ
358 754 512 800 dicitur,
536 754 582 792 de
597 765 670 803 qno
687 754 735 791 cf
747 754 959 792 Callimachi
975 766 1006 795 Θ.
1023 755 1068 792 de
1084 766 1195 793 coma
1216 755 1296 793 Ber.
1313 755 1444 792 Oatnll.
1461 766 1493 794 Θ.
1508 756 1566 795 66.
1585 755 1618 801 7,
1644 754 1774 803 Vergil.

404 868 475 907 Sed
504 868 647 906 illorum
678 869 867 916 octoginta
897 879 1063 906 versuum
1090 869 1193 916 origo
1223 879 1441 917 quamquam
1477 880 1549 906 non
1579 871 1636 907 eet
1663 869 1772 917 plane

267 918 469 975 explorata,
492 927 613 963 tamen
629 925 764 968 nostris
779 925 1000 974 temporibus
1017 936 1121 962 nemo
1145 925 1274 962 doctus
1299 925 1454 970 dubitat,
1477 927 1565 974 quin
1588 924 1666 974 ipse
1683 925 1769 963 Pro-

259 982 405 1032 perum
426 984 539 1027 ratus,
563 994 603 1020 se
624 985 701 1020 tam
723 983 851 1031 grandi
866 983 966 1031 operi
988 993 1062 1022 non
1084 993 1208 1030 parem
1230 993 1320 1028 esse,
1344 982 1444 1020 illum
1467 983 1707 1031 horoscopum
1732 994 1772 1020 se

268 1040 518 1079 'admonentem
540 1040 676 1085 fecerit,
699 1042 742 1076 ιιι
762 1040 886 1088 ιιόιίιιε
909 1040 1031 1087 elegos
1055 1050 1163 1087 qnam
1187 1039 1347 1076 oermina
1369 1040 1516 1077 heroica
1534 1043 1691 1088 pangat:

456 1099 507 1134 At
527 1099 569 1135 tu
593 1098 688 1145 finge
712 1097 845 1145 elegos,
869 1097 982 1134 fallax
1006 1107 1109 1146 opus,
1132 1118 1177 1125 —
1200 1096 1291 1134 baec
1314 1099 1380 1134 tua
1402 1099 1524 1134 castra
1545 1118 1592 1126 ·--

420 1153 433 1166 ”
448 1155 587 1193 scribat
608 1157 651 1192 nt
673 1155 836 1203 exemplo
859 1157 980 1192 cetera
1002 1155 1110 1194 turba
1135 1157 1212 1193 tuo.

267 1212 450 1250 Elocutio
459 1214 580 1250 autem
601 1213 730 1250 horum
752 1223 920 1250 versuum
947 1212 1072 1251 eodem
1102 1212 1209 1249 modo
1240 1212 1288 1249 ad
1311 1211 1504 1259 Vergilium
1534 1215 1571 1249 et
1594 1212 1774 1249 Tibullum

249 1269 409 1307 accedit
431 1272 541 1319 atque
563 1272 684 1307 cetera
704 1270 881 1318 Propertii
905 1270 1081 1314 carmina;
1104 1270 1150 1307 cf.

405 1320 510 1374 Verg.
533 1328 597 1366 Ge.
621 1327 648 1363 Ι.
663 1327 750 1366 335:
774 1327 846 1364 hoc
868 1329 1030 1364 metuens
1054 1326 1144 1363 caeli
1168 1338 1309 1363 menses
1333 1329 1371 1363 et
1394 1327 1514 1363 sidera
1535 1311 1650 1371 serva,

778 1384 910 1431 frigida.
932 1384 1078 1423 Saturni
1102 1394 1182 1420 sese
1205 1394 1278 1431 quo
1301 1384 1408 1420 stella
1431 1387 1600 1431 receptet.

562 1440 668 1488 Prop.
690 1441 754 1478 84.
778 1443 817 1477 et
839 1452 948 1488 grave
970 1441 1116 1477 Saturni
1141 1440 1242 1477 sidus
1265 1440 1302 1476 in
1326 1451 1430 1477 omne
1452 1444 1574 1488 caput.

405 1520 507 1568 Verg.
532 1520 597 1558 Ge.
621 1519 649 1557 Ι.
664 1520 751 1557 w:
776 1520 945 1568 obliquus
970 1532 1043 1568 qna
1065 1531 1106 1557 ee
1128 1520 1312 1568 signorum
1334 1523 1488 1557 verteret
1510 1521 1611 1557 ordo.

561 1577 667 1626 Prop.
689 1577 753 1614 82:
777 1577 946 1625 obliquae
969 1577 1074 1625 signa
1095 1578 1229 1615 iterata
1250 1579 1361 1615 rotae.

296 1656 399 1703 Verg.
424 1657 489 1694 Ge.
512 1656 557 1694 ΙΙ.
572 1657 658 1696 4772
681 1655 843 1704 caelique
866 1657 944 1694 vias
968 1660 1006 1694 et
1029 1657 1149 1695 sidera
1171 1660 1382 1696 monstrent.

450 1713 554 1761 Prop.
579 1715 664 1752 107:
688 1714 921 1762 adspicienda
944 1715 1004 1751 via
1027 1716 1083 1751 est
1106 1714 1196 1752 caeli
1218 1725 1395 1761 verusque
1418 1725 1481 1762 per
1505 1716 1605 1751 astra

689 1773 832 1808 trames.

358 1851 460 1900 Ver-g.
485 1852 572 1888 Aen.
596 1850 639 1888 X.
665 1851 751 1889 102:
776 1853 813 1888 et
836 1851 1046 1888 tremefacta
1069 1851 1148 1888 solo
1172 1850 1291 1896 tellus,
1315 1851 1399 1889 silet
1421 1850 1556 1887 arduus
1580 1851 1714 1890 aether.

537 1906 642 1955 Prop.
668 1908 752 1945 149:
776 1908 831 1945 vel
855 1908 1067 1946 tremefacta
1089 1919 1178 1945 cavo
1202 1908 1311 1945 tellus
1334 1908 1484 1944 diducat
1507 1908 1656 1947 hiatum.

411 1987 541 2027 Tibull.
563 1988 609 2027 11.
634 1989 667 2033 1,
688 1989 754 2027 26:
779 1988 958 2036 significet
982 1988 1144 2043 placidos
1168 1988 1296 2025 nuntia
1319 1988 1410 2026 fibra
1432 1968 1532 2027 deos.

538 2045 644 2092 Prop.
668 2046 750 2082 104:
775 2047 840 2081 aut
866 2045 934 2082 sibi
961 2045 1171 2081 commissos
1195 2045 1286 2081 fibra
1308 2044 1433 2081 locuta
1455 2045 1554 2082 deos.

429 2124 558 2163 Tibun.
582 2126 609 2163 1.
633 2126 667 2169 7,
690 2126 752 2162 22:
777 2125 904 2162 fertilis
929 2125 1068 2161 aestiva
1090 2125 1194 2161 Nilus
1221 2125 1381 2162 abundet
1402 2135 1509 2171 aqua.

540 2181 644 2229 Prop.
670 2182 753 2220 124:
779 2182 816 2217 et
839 2180 941 2217 lacus
964 2181 1111 2218 aestivis
1136 2181 1274 2228 intepet
1296 2179 1427 2219 Umber
1449 2181 1566 2227 aquis.

404 2262 507 2299 Adde
527 2261 668 2299 Horatii

471 2342 509 2379 O.
534 2341 593 2379 IV.
616 2343 671 2387 11,
694 2342 757 2379 26:
780 2343 818 2378 et
841 2341 1042 2390 exemplum
1065 2351 1173 2390 grave
1196 2341 1344 2389 praebet
1365 2340 1451 2379 ales.

539 2399 644 2447 Prop.
669 2400 754 2438 109:
780 2399 980 2447 exemplum
1004 2409 1112 2446 grave
1135 2399 1203 2435 erit
1226 2398 1391 2436 Calchas.

336 2479 376 2519 G.
399 2478 462 2517 111.
477 2479 536 2525 23,
560 2480 623 2519 12:
647 2478 802 2516 Victimo
826 2479 1034 2527 pontificum
1056 2489 1199 2516 secures
1221 2478 1360 2516 cervice
1381 2478 1507 2526 tinget.

428 2537 534 2585 Prop.
560 2539 643 2576 111:
667 2537 761 2574 idem
785 2537 1085 2584 Agamemnoniae
1108 2537 1239 2574 ferrum
1264 2536 1401 2573 cervice
1424 2534 1565 2582 puellae

662 2593 781 2632 tinxit.
833 2589 845 2602 ⁶
