1945 3041
864 239 1150 288 ...48-

252 370 522 427 μεμιγμὲνην
541 369 594 427 τῇ
614 369 829 412 Λατίνων·
865 368 925 430 αἷς
944 367 1138 427 δ’ἕτεροι,
1167 369 1278 420 Διός
1297 369 1413 414 ἐστον
1431 372 1465 430 ἤ
1483 370 1766 429 προσωνυμία

250 437 678 494 κεραυνοβολοῦντος.
723 436 770 482 τὸ
789 436 868 494 γὰρ
885 435 1063 482 τύπτειν
1087 442 1239 494 φερῖρε
1259 438 1304 482 οἱ
1317 437 1521 494 Ῥωμαῖοι
1542 436 1775 496 καλοῦσὶνζ,

252 503 382 550 ἄλλοι
418 503 468 549 δὲ
503 505 622 562 παρὰ
657 504 738 564 τήν
770 506 849 549 τοῦ
883 506 1082 561 πολεμου
1116 505 1290 564 πληγήν
1323 509 1542 562 γεγονέναι
1574 506 1791 566 τοῦνομα,
1927 553 1931 557 .

252 575 464 631 λέγουσιν,
507 574 580 619 καὶ
611 589 693 630 γαρ
729 572 777 618 ἐν
812 579 902 625 ταῖς
935 572 1097 630 μάχαις
1128 589 1232 619 οταν
1268 573 1455 620 διώκωσι
1496 593 1597 629 τους
1630 579 1764 624 πολε·
1799 603 1801 606 <
1832 603 1834 605 >
1911 573 1939 603 ⁶²·

251 644 391 699 μὶους,
421 641 589 691 πυκνόν
616 642 664 686 τὸ
695 657 815 699 φερι,
846 645 1034 687 τουτέστι
1063 647 1189 699 παῖε,
1218 645 1513 702 παρεγγυῶσιν
1541 643 1762 708 ἀλλήλοις.
1857 698 1859 700 ,

390 710 665 757 Plutarchum
684 717 829 758 autem
849 726 902 757 ex
923 712 1117 757 Varrone
1148 712 1333 770 pendere
1363 714 1519 759 nobis
1504 729 1593 760 iam
1614 717 1764 776 explo-
1786 747 1789 753 «

252 786 395 825 ratum
423 787 506 834 est3
538 781 613 826 sed
642 782 724 825 hoc
753 794 839 825 non
871 781 1242 840 praetereundum,
1272 781 1549 829 Plutarchum
1571 783 1782 837 Varrone(

252 851 316 894 ita
344 863 468 894 usum
498 864 604 905 esse,
635 855 683 895 ut
712 850 770 895 ad
799 850 939 895 Jubae
953 850 983 898 ί)
1013 850 1168 895 librum
1200 850 1254 894 de
1283 849 1540 910 ὁμοιότησιν
1568 867 1622 898 ex
1652 854 1762 900 Var-
1877 835 1930 914 ,ἱῖ

253 931 354 962 rone
384 919 584 963 haustum
615 919 769 964 adiret.
828 919 963 964 Varro
993 920 1123 974 igitur
1151 931 1308 963 nomen
1331 920 1557 974 „Feretrii‘
1587 928 1761 970 revocat
1832 942 1835 944 ·
1892 916 1945 978 ξ’ῒξ

251 993 325 1032 aut
369 987 426 1031 ad
470 987 646 1031 verbum
677 987 902 1042 ‚‚feriendi“
947 992 1022 1032 aut
1057 987 1113 1032 ad
1157 988 1334 1032 verbum
1379 989 1587 1043 „ferenffi‘
1589 1024 1601 1046 ‚
1645 990 1765 1048 quod
1814 996 1818 1000 ”
1912 986 1917 993 “

250 1055 391 1112 spolia
420 1058 566 1113 opima
594 1056 842 1100 ferebantur
877 1057 1046 1099 feretro.
1106 1055 1176 1099 Ad
1212 1070 1310 1100 eum
1339 1057 1606 1116 Propertium
1640 1073 1761 1104 revo-

250 1123 437 1168 candum
467 1138 559 1168 esse
590 1129 704 1169 recte
734 1125 893 1169 sentire
930 1124 1052 1168 nobis
1081 1123 1293 1180 videmur,
1326 1139 1422 1170 cum
1458 1127 1522 1172 ita
1556 1127 1758 1174 disserat.
1810 1126 1815 1129 ²

278 1192 354 1236 45.
1144 1206 1277 1237 causa
1306 1192 1484 1248 Feretri,

387 1262 528 1306 omine
559 1260 672 1318 quod
701 1266 816 1305 certo
844 1260 930 1305 dux
960 1261 1084 1305 ferit
1112 1274 1214 1306 ense
1243 1261 1416 1316 ducem3

392 1344 479 1384 seu,
510 1331 611 1385 quia
638 1331 755 1373 victa
784 1331 871 1376 suis
900 1331 1057 1373 umeris
1086 1330 1195 1374 haec
1225 1344 1347 1374 arma
1375 1331 1625 1401 ferebant,

388 1398 485 1442 hinc
515 1398 680 1442 Feretri
711 1398 831 1442 dicta
860 1404 925 1442 est
954 1412 1032 1442 ara
1061 1399 1247 1455 superba
1277 1398 1408 1443 Jovis.

249 1467 389 1511 Aliter
418 1465 589 1523 quidem
609 1466 773 1511 iudicat
792 1466 946 1511 Festus
968 1482 1008 1524 p.
1032 1466 1108 1511 92·
1143 1456 1379 1520 „Feretrius
1399 1467 1599 1526 Juppiter
1619 1468 1758 1514 dictus
1806 1518 1809 1520 ,

249 1549 277 1578 a
306 1535 480 1579 ferendo
502 1535 615 1591 quod
636 1549 789 1592 pacem
817 1535 927 1579 ferre
950 1540 1190 1593 putaretur3
1223 1550 1276 1579 ex
1297 1537 1417 1580 cuius
1437 1537 1597 1595 templo
1619 1550 1758 1582 sume-

248 1604 354 1648 bant
398 1609 616 1661 sceptrum
652 1618 728 1660 per
764 1603 876 1659 quod
911 1605 1114 1659 iurarent,
1160 1609 1203 1648 et
1246 1603 1437 1661 lapidem
1481 1605 1645 1649 silicem
1675 1618 1757 1662 quo
1834 1640 1838 1646 .
1893 1606 1926 1616 ”

247 1671 397 1715 foedus
432 1672 645 1716 ferirent“.
1815 1675 1818 1678 ’

385 1740 508 1784 Hanc
543 1742 809 1797 opinionem,
847 1753 974 1795 quam
1010 1739 1184 1783 Festum
1221 1753 1274 1783 ex
1306 1740 1455 1784 Verrio
1486 1740 1644 1785 Flacco
1682 1740 1757 1786 de·
1891 1729 1945 1803 3⁹3

246 1809 508 1875 prompq'sse
521 1807 760 1866 putandum
775 1813 855 1863 est,
876 1807 1097 1865 Propertio
1112 1809 1304 1863 ignotam
1319 1809 1449 1853 fuisse
1465 1810 1552 1854 veri
1568 1809 1756 1866 aliquam
1827 1837 1834 1841 -
1877 1810 1926 1854 ξι

246 1877 378 1921 habet
422 1878 623 1934 speciem.
697 1877 900 1922 Fortasse
949 1876 1049 1920 inde
1094 1876 1349 1921 concludere
1393 1877 1515 1934 licet,
1559 1877 1757 1924 Verrium
1821 1928 1823 1930 ,
1906 1904 1945 1943 3

245 1946 453 1991 Flaccum
488 1948 662 1991 omnino
697 1959 783 1991 non
822 1961 849 1991 a
877 1945 1099 2004 Propertio
1144 1947 1188 1989 in
1232 1960 1354 1990 usum
1397 1951 1597 1992 vocatum
1639 1961 1755 2004 esse;
1819 2005 1821 2007 ι
1855 1939 1945 2016 ⁵1³5}

245 2015 358 2072 quod
395 2030 499 2059 sane
537 2030 613 2074 per
648 2021 890 2073 temporum
925 2016 1116 2059 rationes
1146 2015 1239 2058 fieri
1269 2028 1354 2058 non
1384 2017 1543 2073 potuit,
1574 2018 1610 2061 si
1640 2021 1756 2062 recte
1883 2076 1885 2078 Ι

245 2084 410 2129 iudicat
454 2085 686 2129 Merkelius
731 2084 825 2140 (Ov.
863 2083 982 2128 Fast.
1019 2084 1154 2142 praef.
1177 2098 1218 2141 p.
1241 2082 1330 2139 94),
1374 2083 1581 2129 Flaccum
1623 2085 1756 2130 libros
1858 2077 1860 2080 ’
1890 2079 1945 2131 '250230

245 2153 298 2197 de
334 2153 577 2208 significatu
606 2148 831 2197 verborum
866 2158 1069 2209 provecta
1105 2156 1247 2196 aetate
1286 2153 1331 2196 in
1367 2152 1507 2196 lucem
1551 2151 1755 2208 edidisse;
1860 2172 1861 2175 ¹
1908 2150 1911 2152 ’

244 2235 503 2278 quamquam
539 2223 670 2266 etiam
706 2221 877 2265 Miilleri
913 2220 1048 2275 (Fest.
1071 2222 1206 2278 praef,
1227 2235 1268 2279 p.
1290 2218 1369 2277 29)
1406 2222 1620 2266 sententia
1658 2234 1755 2280 pro-

245 2291 363 2345 bata,
393 2291 526 2334 libros
547 2290 696 2334 Flacci
726 2290 856 2347 paulo
888 2284 1045 2347 posta.
1065 2288 1149 2333 735
1180 2289 1317 2333 editos
1348 2303 1454 2345 esse,
1485 2282 1756 2347 Propertium
1864 2330 1865 2334 ,

243 2372 316 2403 eos
347 2358 596 2403 adhibuissev
630 2371 716 2402 non
746 2358 971 2415 probabile
1008 2364 1086 2413 est,
1125 2373 1221 2402 cum
1251 2362 1382 2416 poeta
1418 2359 1463 2401 in
1494 2353 1756 2413 carminibus
1811 2415 1813 2417 Ι
1850 2361 1869 2409 1}
1884 2366 1943 2418 g,

242 2428 449 2472 Romanis
479 2433 739 2485 occupatum
768 2428 896 2472 fuisse
926 2442 1003 2485 per
1032 2442 1071 2471 a.
1102 2426 1301 2471 730-38
1331 2427 1560 2472 verisimile
1589 2428 1657 2472 sit,
1880 2425 1901 2443 ''

381 2543 412 2589 ¹)
435 2541 577 2584 Jubam,
600 2540 846 2577 Mauretaniae
869 2550 998 2586 regem,
1028 2540 1179 2576 multum
1202 2540 1376 2587 temporis
1400 2540 1538 2576 Romae
1561 2541 1765 2585 versaturus
1820 2554 1828 2567 ι

242 2599 397 2635 maxime
412 2598 531 2634 nisum
546 2598 582 2633 in
599 2596 770 2642 Varrone,
794 2596 895 2634 libris
919 2597 1005 2641 suis,
1030 2607 1184 2644 quorum
1199 2607 1406 2645 perpaucae
1421 2595 1595 2643 reliquiae
1609 2598 1754 2635 tantum
1843 2638 1850 2648 ι
1932 2632 1935 2633 ⁷

241 2658 399 2700 exstant,
429 2666 546 2692 mores
576 2657 686 2703 atque
714 2654 884 2692 instituta
914 2655 1156 2692 Romanorum
1186 2657 1223 2691 et
1247 2655 1466 2692 Graecorum
1506 2650 1754 2702 composuisse
1809 2653 1834 2678 ν’·
1859 2654 1921 2697 112>

241 2715 368 2750 notum
391 2715 457 2751 est.
504 2713 550 2751 cf.
567 2713 691 2749 Barth.
715 2712 738 2749 l.
764 2723 794 2748 c.
1844 2704 1884 2732 ‘²‘
1925 2708 1931 2720 ²
