1945 3041
886 219 1172 266 ...36-

271 347 406 393 idem
441 353 518 392 est
555 347 715 392 deus.“
774 346 898 391 Hanc
933 346 1172 392 doctrinam
1202 347 1472 406 Propertium
1506 362 1593 395 non
1628 350 1784 407 fugisse

273 431 326 460 ex
355 417 627 473 peroratione
658 417 861 460 carminis
891 417 1044 470 elucet,
1075 430 1160 471 qua
1188 417 1414 474 praedicat
1444 418 1498 462 de
1523 420 1723 462 Hercule:

357 483 427 529 73.
458 484 584 532 hunc,
616 484 818 540 quoniam
848 484 1047 528 manibus
1075 489 1307 542 purgatum
1331 477 1546 547 sanxerat*
1564 487 1722 542 orbem,

465 554 527 596 sic
557 553 762 596 Sanctum
792 552 942 596 Tatiae
973 565 1248 609 composuere
1278 552 1421 597 Cures.

408 620 512 666 Toto
548 621 710 678 reliquo
747 621 937 665 carmine
968 620 1022 665 de
1051 620 1234 665 Hercule
1263 621 1433 666 fabulas
1472 647 1523 654 -
1563 625 1782 680 coniungit
1831 629 1833 631 ’

271 693 387 734 enim
415 690 542 742 duas,
578 703 757 745 quarum
791 703 880 733 una
915 694 1126 733 tractatur
1155 704 1301 746 pugna
1339 704 1436 734 cum
1465 690 1578 734 Caco
1615 691 1783 736 latrone

271 763 314 804 et
335 759 601 803 consecratio
622 757 703 802 fori
723 757 883 812 Boarii,
906 758 1044 802 altera
1064 757 1259 802 Herculis
1281 763 1498 802 certamen
1519 773 1616 803 cum
1637 759 1783 804 Bonae

271 827 390 871 Deae
426 826 648 871 sacerdote
686 830 730 870 et
765 826 940 870 condita
969 826 1059 870 Ara
1088 827 1280 870 Maxima
1309 851 1366 858 —
1396 827 1590 885 depingit
1625 842 1783 884 magna

272 895 443 952 quidem
473 910 527 938 ex
556 900 681 952 parte
710 896 786 950 ita,
808 890 864 938 >ut
894 909 968 939 eas
990 900 1229 952 acceperat.
1276 896 1425 939 Plures
1457 902 1600 940 autem
1629 898 1782 953 prioris

271 965 406 1021 partis
438 968 633 1007 auctores
663 964 703 1006 ei
739 964 783 1006 in
813 967 1014 1021 promptu
1052 968 1194 1007 erant:
1232 977 1333 1008 nam
1370 978 1559 1022 pugnam
1589 964 1782 1009 Herculis

272 1032 488 1076 cumCaco
511 1032 565 1075 ab
584 1032 681 1076 aliis
697 1045 860 1088 quoque
876 1032 1166 1089 scriptoribus,
1188 1034 1258 1088 qui
1267 1033 1448 1087 Augusti
1468 1038 1609 1077 aetate
1631 1032 1782 1077 florue-

271 1105 389 1156 runt,
422 1105 642 1144 narratam
673 1113 766 1145 esse
796 1101 968 1145 scimus.
1019 1100 1200 1144 Cuinam
1231 1105 1296 1144 est
1325 1102 1474 1155 ignota
1498 1101 1676 1156 Vergilii
1706 1100 1782 1145 ad—

271 1169 482 1213 mirabilis
512 1173 556 1212 et
585 1169 762 1224 elegans
792 1173 836 1213 et
865 1170 1040 1226 copiosa
1071 1169 1303 1226 explicatio
1333 1169 1449 1214 illius
1478 1183 1663 1227 pugnae,
1694 1164 1784 1214 cuiss

269 1251 375 1282 nam
416 1237 527 1281 Livii
571 1238 781 1292 narratio,
832 1242 875 1280 et
918 1239 1016 1295 ipsa
1059 1239 1240 1294 poeticis
1287 1238 1499 1281 coloribus
1543 1238 1780 1282 exornata?

271 1306 458 1360 Quorum
487 1321 586 1352 cum
605 1305 827 1365 Propertio
842 1306 874 1363 1)
904 1311 1028 1351 tanta
1056 1307 1290 1351 similitudo
1328 1311 1405 1362 est,
1435 1312 1482 1351 ut
1502 1306 1560 1351 ad
1579 1321 1651 1352 eos
1680 1309 1782 1364 quin

273 1377 502 1420 accesserit
530 1388 616 1418 non
646 1375 823 1429 dubium
853 1377 928 1431 sit;
958 1389 1216 1433 quamquam
1246 1376 1327 1420 hoc
1346 1377 1522 1420 minime
1551 1376 1780 1433 neglegen-

272 1444 376 1490 dum
419 1450 498 1500 est,
541 1446 588 1489 in
633 1444 913 1489 similitudine
959 1447 1200 1500 argumenti
1244 1447 1415 1503 saepius
1459 1448 1646 1503 positam
1689 1460 1787 1501 esse,

273 1514 581 1570 aequalitatem
610 1515 829 1557 sermonis.

414 1582 499 1627 Sed
529 1584 616 1627 iam
647 1583 814 1627 Livium
847 1582 1084 1638 audiamus,
1117 1584 1187 1639 qui
1218 1583 1297 1626 hoc
1334 1583 1460 1626 modo
1496 1585 1784 1627 narrationem

272 1653 457 1696 instituit
478 1651 526 1704 (Ι.
549 1650 589 1706 ’7,
611 1650 676 1707 4):
709 1650 957 1705 „Herculem
978 1652 1022 1694 in
1045 1665 1098 1694 ea
1119 1651 1215 1695 loca
1236 1651 1312 1706 (sc.
1335 1651 1567 1707 Palatium)
1589 1651 1783 1709 Geryone

271 1722 529 1778 interempto
561 1721 691 1764 boves
727 1721 836 1764 mira
873 1721 1015 1778 specie
1055 1719 1249 1775 abegisse
1285 1724 1526 1764 memorant
1562 1734 1614 1765 ac
1649 1733 1783 1778 prope

272 1789 459 1834 Tiberim
488 1788 663 1832 fluvium
694 1823 703 1833 .
736 1820 749 1835 .
780 1824 789 1833 .
821 1789 916 1833 loco
947 1788 1125 1833 herbido
1161 1793 1208 1832 ut
1238 1790 1380 1845 quiete
1417 1794 1460 1832 et
1496 1788 1656 1846 pabulo
1694 1789 1783 1833 lae-

271 1860 379 1904 tiore
410 1858 604 1903 reficeret
633 1858 775 1913 boves,
807 1861 856 1902 et
886 1858 1053 1915 ipsum
1083 1857 1283 1913 fessum,
1312 1858 1384 1902 via
1414 1857 1724 1915 procubuisse.“

410 1927 575 1971 Eodem
606 1927 731 1970 modo
762 1927 1030 1984 Propertium
1059 1928 1229 1970 initium
1263 1928 1406 1970 facere
1436 1926 1644 1969 videmus:

475 1994 514 2039 1.
546 1995 953 2054 Amphitryoniades
983 2010 1067 2051 qua
1096 2000 1350 2053 tempestate
1379 1997 1579 2039 iuvencos

548 2068 694 2119 egerat
724 2079 751 2108 a
780 2064 972 2119 stabulis,
1003 2077 1027 2107 o
1054 2064 1257 2121 Erythea,
1287 2065 1385 2118 tuis,

545 2134 663 2177 venit
692 2133 749 2177 ad
778 2133 955 2177 eductos
984 2146 1191 2191 pecorosa
1221 2119 1393 2176 Palatia
1423 2137 1588 2175 montes

547 2206 590 2245 et
619 2203 770 2246 statuit
798 2202 944 2257 fessos,
976 2202 1142 2245 fessus
1174 2207 1222 2245 et
1252 2203 1377 2259 ipse,
1408 2201 1548 2244 boves.
1561 2199 1596 2254 ²)

409 2339 442 2387 ¹)
465 2337 570 2375 Adde
597 2336 716 2374 Ovidii
745 2336 988 2374 narrationem
1019 2336 1064 2373 de
1092 2336 1247 2373 Hercule
1278 2335 1378 2383 (fast.
1409 2336 1435 2374 Ι.
1466 2334 1664 2382 547—586)
1698 2345 1782 2372 con-

272 2396 485 2434 sentientem
508 2406 591 2432 cum
613 2394 787 2442 Vergilio,
812 2394 1017 2441 Propertio;
1043 2405 1087 2431 ex
1111 2404 1184 2442 qua
1208 2394 1255 2430 ad
1271 2393 1410 2430 Livium
1435 2403 1578 2440 quoque
1593 2392 1784 2430 nonnullos

272 2453 373 2490 locos
402 2453 626 2490 revocandos
657 2462 736 2489 esse
761 2452 1020 2489 demonstravit
1044 2451 1280 2489 Schenkelius
1310 2450 1496 2497 (Zeitschr.
1534 2450 1558 2487 f.
1594 2450 1782 2490 oestreich.

273 2510 400 2558 Gymn.
426 2511 517 2548 1860
539 2521 575 2558 p.
600 2510 694 2555 401).

408 2568 440 2615 2)
466 2568 511 2606 cf.
536 2567 687 2615 Dionys.
712 2566 794 2605 Hal.
819 2567 846 2605 J.
871 2567 933 2603 39:
962 2555 1101 2612 εὖρών
1132 2554 1182 2600 δὲ
1213 2554 1331 2600 πόαν
1354 2554 1400 2599 ἓν
1420 2552 1532 2612 αὐτῷ
1552 2555 1784 2611 βουκολίδα

271 2625 446 2683 πολλήν
474 2625 548 2670 καὶ
575 2624 731 2685 καλήν,
757 2624 832 2676 τὰς
860 2623 943 2680 μὲν
972 2624 1080 2682 βόας
1117 2625 1280 2683 α’νῆκεν
1319 2624 1381 2674 εἷς
1419 2622 1621 2681 ἐκνομήν,
1656 2622 1798 2673 αὐτός’
1843 2676 1846 2679 ⁴
1909 2646 1913 2647 ⁷
1943 2649 1945 2651 ·

273 2692 322 2739 δὲ
352 2693 647 2752 βαρυνόμενος
675 2692 768 2740 ὕπὸ
803 2693 948 2739 κόπου
977 2692 1258 2743 κατακλιθεὶς
1296 2691 1455 2736 ἔδωκεν
1483 2691 1615 2736 αὖτόν
1642 2689 1782 2749 ὕπνῳ
1826 2727 1829 2729 ,
