1945 3041
859 235 933 274 —4
976 209 1028 256 14
1088 236 1149 262 -,

246 337 537 382 Callimachus
573 337 834 382 Graecorum
877 336 1048 381 fabulas
1092 337 1346 393 tractavit¹).
1407 337 1472 382 Eo
1509 335 1784 401 diligenti&

247 400 304 450 ad
333 407 555 463 Aetiorum
585 407 766 449 formam
795 410 839 448 et
875 406 1071 449 habitum
1106 420 1198 450 sese
1235 407 1479 464 applicasse
1509 401 1761 467 Properfius

246 474 426 518 videtur.
595 522 600 526 ,
1735 486 1751 522 2

302 550 305 554 ’
382 555 523 608 Atque
540 554 733 597 carmina
747 553 945 597 Romana
960 553 1152 598 distichis
1169 556 1456 611 composuisse
1472 555 1758 616 Propertius&
1806 591 1810 593 Δ

246 635 331 665 non
361 623 498 666 solum
529 635 627 665 cum
647 626 823 679 poetam
843 621 1082 677 elegiacum
1103 622 1209 666 haec
1240 622 1420 666 metrica
1439 622 1549 679 ratio
1570 618 1754 684 deceret,
1771 628 1800 673 4?
1811 620 1821 647 ·³

245 691 317 734 sed
350 692 482 734 etiam
512 705 610 735 cum
629 690 942 734 Callimachum
973 696 1232 745 sequeretur,
1247 696 1327 734 -est
1356 693 1445 734 veri
1475 692 1756 741 simillimum:
1776 724 1780 726 ψ

381 769 637 815 Callimachi
696 783 796 814 vero
847 769 1198 815 consuetudinem
1239 769 1517 816 ‘describendi
1568 772 1760 827 origines
1778 774 1782 777 ’
1867 807 1889 831 12:

244 839 509 892 singularum
552 839 797 886 fabularum
841 840 1020 893 singulis
1066 839 1347 894 carminibus,
1393 851 1572 894 quorum
1621 834 1760 891 unum„
1833 826 1862 848 ¹

244 906 441 962 quodque
488 907 706 965 peculiare
752 911 796 951 et
840 907 1084 951 absolutum
1128 912 1240 962 erat,
1289 907 1510 965 Propertio
1555 906 1780 965 exemplo}
1808 899 1895 963 ’,ἓξ-ἒ

243 976 372 1025 fuisse
423 988 508 1018 non
557 975 695 1020 solum
744 975 948 1019 credibile
998 981 1082 1030 est,
1132 975 1208 1019 sed
1257 977 1389 1020 etiam
1437 990 1491 1019 ex
1540 968 1753 1034 Propertii
1834 965 1890 1019 ,‘

243 1045 408 1088 ratione
455 1043 744 1099 colligendum
786 1049 871 1098 est,
909 1044 1120 1098 quomodo
1151 1044 1441 1088 Callimachus
1469 1045 1598 1088 Aetia
1631 1038 1754 1089 instiss
1825 1037 1891 1101 ζ

244 1113 373 1156 tuisse
421 1111 630 1157 videatur.
710 1111 956 1170 Propertius
1015 1114 1131 1156 enim
1189 1113 1518 1170 unumquodque
1577 1126 1776 1165 carmen,
1822 1104 1845 1160 :3
1865 1160 1882 1177 4

242 1182 460 1238 prooemio
491 1186 534 1225 et
563 1182 733 1238 epilogo
767 1194 925 1225 ornans
971 1182 1092 1225 initio
1123 1182 1335 1238 proponit,
1380 1180 1433 1224 de
1471 1193 1558 1236 qua
1587 1195 1631 1224 re
1661 1180 1750 1232 dis-

243 1254 432 1306 putetur:
483 1264 527 1293 re
573 1251 771 1307 exposita
817 1250 964 1305 paucis
1000 1249 1221 1305 disputata
1242 1249 1589 1305 comprehendit,
1621 1254 1751 1304 atque

242 1332 296 1361 ea
339 1319 450 1361 ratio
495 1319 623 1361 fuisse
666 1317 833 1361 videtur
868 1317 1122 1361 Callimachi
1169 1319 1420 1372 carminum,
1466 1322 1512 1361 ut
1557 1318 1612 1361 ab
1656 1318 1750 1373 ipso

242 1387 505 1446 quaestionis
535 1387 678 1442 capite
708 1387 852 1431 aetion
878 1386 1173 1442 proficiscatur
1200 1386 1435 1441 eodemque
1457 1385 1770 1430 concludatur.·
1839 1388 1846 1397 ⁴

243 1454 400 1511 Incipit
430 1457 560 1510 igitur
589 1455 797 1511 Propertii
829 1470 860 1498 c*
887 1454 938 1500 V.
969 1453 1016 1499 4:

448 1535 675 1591 Tarpeium
704 1549 853 1580 nemus
883 1541 925 1579 et
954 1535 1161 1592 Tarpeiae
1192 1541 1314 1591 turpe
1345 1535 1587 1591 sepulcrum

446 1603 572 1647 fabor
601 1609 644 1647 et
674 1606 839 1659 antiqui
869 1605 1021 1648 limina
1051 1610 1181 1660 capta
1211 1604 1340 1648 Jovis.

239 1690 283 1727 et
311 1682 458 1727 finitur
488 1697 526 1727 v.
549 1681 624 1727 94:

446 1777 473 1806 a
502 1762 610 1806 duce
640 1763 823 1818 Tarpeia
852 1776 973 1808 mons
1002 1769 1068 1808 est
1097 1775 1332 1818 cognomen
1364 1762 1565 1818 adeptus3

448 1844 473 1874 o
504 1832 618 1887 vigil,
648 1833 805 1876 iniuste
834 1834 1029 1888 praemia
1059 1833 1184 1880 sortis
1214 1832 1361 1901 habes.

239 1915 286 1958 it.
309 1927 344 1957 c.
370 1911 426 1956 10
454 1913 624 1968 incipit:

445 1991 569 2037 Nunc
599 1993 718 2037 Jovis
747 1995 953 2049 incipiam
984 2007 1137 2038 causas
1168 1994 1335 2049 aperire
1365 1991 1531 2036 Feretri

448 2073 654 2117 armaque
683 2061 737 2106 de
768 2061 947 2106 ducibus
976 2064 1093 2113 trina
1122 2066 1297 2118 recepta
1327 2061 1475 2105 tribus
1496 2062 1507 2067 ”

239 2147 283 2186 et
313 2142 478 2186 finitur:

445 2235 558 2267 nunc
588 2222 728 2278 spolia
756 2223 802 2266 in
831 2222 991 2278 templo
1022 2223 1108 2266 tria
1138 2221 1332 2266 condita:
1365 2234 1498 2266 causa
1525 2214 1711 2276 Feretri,

445 2293 587 2336 omine
619 2290 733 2346 quod
763 2295 878 2335 certo
910 2290 997 2334 dux
1027 2291 1126 2335 ferit
1156 2304 1257 2334 ense
1287 2289 1468 2343 ducem3

445 2372 519 2416 seu
550 2361 653 2415 quia
679 2360 796 2404 victa
825 2360 913 2404 suis
942 2360 1098 2403 umeris
1128 2358 1235 2403 haec
1266 2361 1389 2404 arma
1416 2357 1627 2412 ferebant,

445 2430 545 2473 hinc
574 2428 740 2473 Feretri
770 2428 889 2472 dicta
918 2433 984 2472 est
1013 2442 1092 2472 ara
1121 2427 1307 2483 superba
1335 2426 1468 2470 Jovis.

239 2511 283 2553 it.
306 2523 342 2553 c.
374 2508 420 2553 2:
454 2510 603 2565 accipe
633 2508 857 2552 Vertumni
888 2509 1014 2563 signa
1043 2512 1225 2564 paterna
1255 2507 1352 2551 mei.

377 2648 407 2693 ι)
431 2646 512 2682 Uno
529 2645 610 2681 loco
626 2644 836 2691 Propertius
854 2643 1268 2688 Callimachixreminisci
1294 2642 1435 2678 videtur
1458 2641 1498 2677 V.
1514 2641 1548 2686 9,
1561 2640 1618 2685 57,
1643 2646 1755 2697 quous

238 2706 357 2742 locum
381 2714 448 2740 suo
472 2705 634 2748 tempore
659 2701 819 2738 afferam.
