1945 3041
378 308 518 364 Atque
547 309 854 363 quaestionem,
899 321 1028 363 quam
1058 307 1239 364 suscepi,
1285 308 1389 350 satis
1433 305 1653 352 difficilem
1696 302 1751 363 ac

239 377 454 421 lubricam
491 389 599 431 esse,
643 377 688 419 in
725 375 807 419 hac
845 377 1064 433 paucitate
1108 376 1346 420 carminum
1388 376 1433 418 in
1478 381 1627 434 aperto
1671 373 1730 429 es
1762 424 1765 427 ,

240 459 377 500 neque
397 445 501 488 mihi
523 437 752 501 Babylonii
774 444 999 502 horoscopi
1029 444 1228 501 exemplo
1258 444 1394 488 utenti
1423 443 1598 499 gloriari
1627 434 1794 506 licetfsf

239 519 381 567 „certa
411 513 546 557 seram
576 513 704 557 certis
735 513 1015 557 auctoribus“.
1077 512 1147 569 (V.
1181 511 1220 567 1,
1241 510 1331 567 75.)
1389 511 1555 558 Tamen
1581 527 1635 557 ex
1665 513 1749 570 hac
1778 557 1788 576 ,

240 582 601 625 commentatione
632 586 747 625 certe
777 581 924 637 aliqua
959 581 1123 625 utilitas
1160 580 1217 626 ad
1247 582 1442 625 carmina
1469 582 1568 638 ipsa
1597 582 1748 626 melius

238 648 532 704 intellegenda
561 653 608 693 ut
638 649 914 707 percipiatur,
945 649 1134 694 futurum
1163 653 1255 695 esse
1286 661 1423 706 spero.
1732 642 1735 645 ’
1764 698 1774 702 ,

375 716 628 772 Priusquam
665 722 809 761 autem
846 717 902 761 ad
946 717 1058 761 hanc
1100 718 1392 774 quaestionem
1436 716 1656 772 accedam,
1700 712 1749 761 ut

239 799 335 829 eam
358 798 487 841 quam
509 783 757 842 plenissime
778 785 1013 840 absolvam,
1035 785 1137 829 mihi
1158 784 1459 844 exponendum
1478 786 1572 841 erit,
1602 790 1645 830 et
1664 797 1746 842 quo
1764 839 1769 843 p

238 853 415 897 consilio
441 853 687 910 Propertius
713 854 791 897 illa
818 855 1012 898 carmina
1040 854 1237 910 panxerit
1266 858 1311 897 et
1329 854 1481 909 quibus
1503 853 1746 900 auctoribus
1780 870 1782 872 ·

236 923 281 965 in
302 921 382 965 hoc
401 935 557 976 genere
578 922 816 965 carminum
846 935 945 966 usus
974 923 1041 966 sit.
1102 920 1193 973 Qua
1222 921 1392 977 quidem
1423 927 1546 979 parte
1575 927 1744 967 tantum
1785 935 1790 938 ·
1850 970 1852 977 ,

236 989 280 1032 id
311 1004 378 1048 me
409 1003 551 1045 agere,
581 996 641 1044 ut,
677 1004 786 1045 quae
826 1005 853 1034 a
887 991 989 1033 viris
1026 990 1164 1033 doctis
1194 990 1421 1047 explorata
1451 995 1495 1033 et
1537 990 1747 1045 indagata

236 1058 335 1112 sint,
366 1058 410 1100 in
441 1071 583 1115 pauca
612 1057 843 1113 conferam,
874 1058 1009 1101 libere
1039 1058 1252 1115 profiteor.
