1945 3041
877 186 1161 233 „38-

404 311 554 370 Itaque
586 311 785 370 equidem
813 325 885 357 eos
917 312 972 357 ad
993 312 1155 357 sontem
1185 315 1468 371 antiquiorem
1492 315 1631 360 redire
1660 316 1777 361 coni-

267 382 348 435 cio,
380 394 639 437 quamquam
669 395 766 424 eum
795 382 934 438 ipsum
963 380 1156 425 indicare
1186 393 1272 424 non
1302 382 1454 427 habeo.
1472 383 1504 438 ¹)

404 448 608 493 Attamen
639 449 762 493 multi
798 449 880 492 loci
918 453 1096 505 restant,
1134 449 1287 506 quibus
1316 449 1562 515 Propertius
1596 466 1623 496 a
1652 450 1778 496 soda-
1819 439 1837 449 ⁴*

266 518 377 562 libus
408 517 617 562 dissentit.
662 517 753 561 Hoc
774 517 946 574 quidem
966 523 1032 563 est
1052 518 1210 562 nullius
1241 511 1457 575 momenti,
1488 520 1601 576 quod
1621 518 1777 565 foedis·

266 587 420 630 simum
451 586 557 630 illud
588 591 824 630 monstrum
850 587 988 631 tribus
1009 587 1223 645 capitibus
1252 587 1499 645 praeditum
1525 602 1617 633 esse
1648 588 1776 633 dicitz

475 669 511 698 v.
545 653 620 698 10:
651 668 728 712 per
757 656 841 707 tria
871 656 1053 713 partitos
1083 657 1154 712 qui
1185 655 1319 700 dabat
1348 668 1426 700 ora
1455 656 1572 701 focos
1747 713 1765 718 ᾤ

400 729 443 767 et
472 737 511 766 v.
542 721 616 766 15:
648 722 865 767 Maenalio
896 724 1030 767 iacuit
1061 724 1206 781 pulsus
1233 724 1318 768 tria
1347 729 1543 783 tempora
1571 738 1703 769 ramo.

265 791 384 844 Quod
405 792 544 848 ipsum
571 789 828 835 confinxisse
848 793 1077 836 verisimile
1098 797 1175 848 est,
1208 791 1440 836 adductum
1461 794 1550 837 sive
1579 793 1777 851 exemplo

266 859 475 916 Geryonis
505 860 705 917 tricipitis
737 884 790 890 -—
821 860 886 903 illi
916 852 1029 904 enim
1060 860 1265 905 Hercules
1302 860 1430 905 boves
1468 862 1700 919 eripuerat,
1731 865 1778 905 ut

269 930 331 972 ait
360 928 576 984 Vergilius
598 927 712 973 VIII.
734 927 839 972 2132:
1606 987 1608 989 Ι

405 998 651 1052 „tergemini
680 1010 786 1040 nece
816 996 1042 1054 Geryonae
1073 997 1303 1056 spoliisque
1333 999 1562 1056 superbus“
1595 1022 1647 1028 —-

265 1067 353 1109 sive
372 1066 531 1109 vicinia
551 1064 707 1109 Portae
737 1065 1073 1120 Trigeminae‚
1104 1079 1238 1124 prope
1259 1080 1387 1123 quam
1418 1067 1530 1110 intei-
1548 1066 1776 1110 Herculem

266 1139 308 1177 et
338 1133 500 1177 Cacum
530 1138 768 1191 pugnatum
799 1139 903 1178 erat.

403 1203 536 1246 Multo
567 1204 738 1257 gravius
768 1207 846 1257 est,
884 1217 910 1246 a
941 1203 1161 1260 Propertio
1192 1204 1358 1247 nullam
1396 1205 1656 1248 mentionem
1685 1200 1776 1248 fieri

265 1273 368 1326 eius,
400 1285 525 1327 quem
555 1270 671 1328 apud
701 1283 849 1315 omnes
879 1273 1107 1329 scriptores
1136 1272 1259 1328 quasi
1279 1273 1441 1329 primas
1462 1275 1608 1330 partes
1629 1274 1777 1316 tenere

265 1339 470 1395 videmus,
499 1339 596 1383 dico
616 1339 879 1384 Euandrum.
925 1339 1049 1383 Hunc
1073 1340 1188 1384 enim
1206 1339 1435 1385 Herculem
1455 1339 1633 1385 comiter
1654 1352 1776 1384 acce-

266 1410 394 1466 pisse,
432 1407 546 1452 Caco
582 1408 808 1452 interfecto
845 1409 1021 1452 summis
1065 1408 1265 1452 laudibus
1309 1409 1534 1464 extulisse,
1579 1408 1776 1457 Herculis

266 1477 498 1525 honoribus
528 1476 659 1520 Aram
696 1476 931 1520 Maximam
968 1476 1229 1532 condidisse,
1266 1476 1485 1527 conditam
1518 1476 1688 1521 Potitiis
1724 1490 1777 1520 ac

266 1545 452 1590 Pinariis
497 1544 840 1590 conservandam
877 1544 1118 1600 tradidisse,
1157 1560 1211 1589 ex
1239 1544 1429 1601 Vergilio
1465 1551 1508 1590 et
1550 1545 1670 1589 Livio
1707 1557 1777 1589 cc-

266 1615 415 1669 gnosci
449 1619 603 1672 potest.
615 1613 649 1669 ²)
709 1613 891 1658 Tantum
923 1618 1067 1658 autem
1096 1613 1231 1670 abest,
1277 1618 1323 1658 ut
1352 1613 1597 1673 Propertius
1626 1613 1776 1658 Euan-

266 1683 390 1728 drum
419 1682 677 1738 introducat,
707 1688 755 1728 ut
784 1688 934 1728 contra
963 1696 1038 1741 pro
1070 1683 1271 1728 Euandro
1302 1683 1463 1728 Cacum
1497 1683 1620 1728 illum
1650 1684 1779 1743 semi<
1810 1710 1812 1713 v

265 1752 483 1796 hominem
513 1766 609 1795 cum
639 1752 822 1796 Hercule
851 1753 1036 1810 hospitio
1067 1754 1340 1797 coniunctum
1369 1753 1498 1797 fuisse
1527 1756 1698 1796 narret:

472 1818 512 1863 7.
545 1820 619 1864 sed
650 1833 736 1863 non
767 1820 900 1864 infido
932 1826 1182 1865 manserunt
1210 1821 1377 1878 hospite
1408 1821 1521 1864 Caco

543 1889 794 1933 incolumes:
825 1889 937 1933 furto
968 1890 1124 1947 polluit
1152 1890 1227 1934 ille
1257 1889 1419 1933 Jovem.

266 1957 389 2001 Unde
434 1962 563 2014 poeta
607 1958 720 2002 hanc
764 1959 918 2001 miram
964 1959 1347 2002 commutationem
1382 1957 1555 2001 fabulae
1592 1957 1779 2011 vulgaris

265 2027 467 2080 hauserit,
498 2027 691 2082 quaestio
723 2030 787 2069 est
818 2040 921 2069 sane
952 2025 1152 2070 difficilis.
1214 2025 1299 2069 Sed
1334 2025 1572 2069 cavendum
1609 2029 1693 2079 est,
1724 2038 1778 2069 ne

265 2105 574 2152 componamus
619 2108 717 2138 cum
752 2093 973 2152 Propertio
1010 2093 1187 2138 Diodori
1224 2094 1355 2138 Siculi
1394 2092 1466 2137 IV.
1496 2091 1574 2136 212
1620 2090 1780 2142 Κάκιος

264 2162 338 2206 καὶ
372 2160 587 2219 Πινάριος
622 2161 825 2214 ἐδέξαντο
861 2161 935 2208 τόν
967 2162 1191 2219 “Ηρακλέα
1221 2162 1381 2214 ξενίοις
1425 2159 1667 2217 ἀξιολόγοις
1708 2159 1781 2204 καὶ
1854 2182 1855 2185 =
1930 2152 1942 2160 ἢ

266 2232 447 2288 δωρεαῖς
476 2232 808 2287 κεχαρισμέναις
845 2230 1072 2289 ἐτίμησαν,
1107 2245 1205 2275 cum
1235 2231 1372 2275 Cacus
1402 2230 1473 2274 hic
1502 2229 1647 2274 Potitii
1682 2229 1778 2273 loco
1848 2255 1860 2274 ;

263 2299 463 2344 inductus
492 2299 721 2344 Herculem
750 2300 934 2355 benigne
965 2313 1017 2343 ac
1047 2301 1226 2344 comiter
1253 2300 1447 2356 recipiat.

268 2456 492 2502 iudicaverit,
523 2457 679 2495 Ennium
703 2457 832 2494 ovidio
858 2457 1021 2494 Herculis
1048 2457 1207 2495 fabulam
1235 2457 1395 2494 narranti
1421 2454 1586 2503 exemplo
1609 2455 1731 2493 fuisse.

403 2402 433 2446 ¹)
457 2400 566 2438 Haud
598 2400 720 2439 nescio
753 2412 799 2437 an
831 2400 1023 2437 Merkelius
1048 2400 1182 2446 (Ovidii
1208 2399 1308 2437 Fast.
1335 2398 1492 2437 Praefat.
1523 2410 1558 2445 p.
1588 2398 1651 2445 82)
1682 2400 1779 2434 recte
1856 2408 1859 2409 ⁷
1886 2387 1888 2389 ¹

404 2515 434 2562 ²)
458 2515 530 2552 Alii
556 2515 688 2554 docent
711 2514 899 2551 Herculem
924 2515 1042 2561 ipsum
1067 2514 1122 2551 sui
1146 2513 1295 2551 honoris
1319 2524 1432 2551 cause
1454 2513 1564 2549 Aram
1587 2512 1780 2549 Maximam
1854 2529 1859 2533 ·
1897 2521 1945 2544 ⁸2

265 2572 499 2610 constituisse
523 2583 673 2620 eamque
688 2571 834 2609 Potitiis
851 2574 888 2609 et
903 2571 1056 2609 Pinariis
1081 2572 1117 2608 in
1143 2573 1328 2608 aeternum
1344 2570 1549 2614 tradidisse,
1585 2568 1634 2609 cf
1647 2569 1778 2608 Festus

264 2641 301 2675 p.
327 2630 413 2666 237:
440 2630 634 2672 „Potitium
670 2632 706 2666 et
730 2630 912 2666 Pinarium
947 2629 1119 2665 Hercules
1142 2639 1223 2664 cum
1258 2628 1305 2664 ad
1340 2639 1439 2663 aram
1474 2637 1568 2674 quae
1600 2626 1780 2673 hodieque
1831 2632 1833 2634 “
1881 2666 1883 2668 ,

264 2685 424 2725 maxima
447 2684 664 2736 appellatur,
695 2686 871 2726 decimam
893 2685 1025 2726 bovum
1056 2696 1149 2736 quos
1174 2697 1197 2724 a
1221 2684 1387 2735 Geryone
1410 2683 1587 2724 abductos
1610 2681 1779 2732 abigebat

268 2745 387 2790 Argos
411 2745 448 2780 in
472 2745 639 2790 patriam,
663 2745 905 2789 profanasset,
930 2754 1042 2789 genus
1067 2743 1219 2779 sacrifici
1243 2743 1410 2778 edocuit·
1436 2743 1503 2777 etc.
