<?xml version="1.0" encoding="UTF-8"?>
<!DOCTYPE html PUBLIC "-//W3C//DTD XHTML 1.0 Transitional//EN"
    "http://www.w3.org/TR/xhtml1/DTD/xhtml1-transitional.dtd">
<html xmlns="http://www.w3.org/1999/xhtml" xml:lang="en" lang="en">
 <head>
  <title>
</title>
<meta http-equiv="Content-Type" content="text/html;charset=utf-8" />
  <meta name='ocr-system' content='tesseract 3.04.00' />
  <meta name='ocr-capabilities' content='ocr_page ocr_carea ocr_par ocr_line ocrx_word'/>
</head>
<body>
  <div class='ocr_page' id='page_1' title='image "4737853_0033.png"; bbox 0 0 1945 3041; ppageno 0'>
   <div class='ocr_carea' id='block_1_1' title="bbox 0 1513 529 2706">
    <p class='ocr_par' dir='ltr' id='par_1_1' title="bbox 0 1513 529 2706">
     <span class='ocr_line' id='line_1_1' title="bbox 0 1513 140 1704; baseline 0 -105"><span class='ocrx_word' id='word_1_1' title='bbox 0 1513 140 1704; x_wconf 95' lang='lat' dir='ltr'><strong>    </strong></span> 
     </span>
     <span class='ocr_line' id='line_1_2' title="bbox 0 1704 139 1884; baseline 0 -115"><span class='ocrx_word' id='word_1_2' title='bbox 0 1704 139 1884; x_wconf 95' lang='lat' dir='ltr'><strong>   </strong></span> 
     </span>
     <span class='ocr_line' id='line_1_3' title="bbox 0 1907 143 2125; baseline 0 -58"><span class='ocrx_word' id='word_1_3' title='bbox 0 1907 143 2125; x_wconf 95' lang='lat' dir='ltr'><strong>   </strong></span> 
     </span>
     <span class='ocr_line' id='line_1_4' title="bbox 0 2125 199 2270; baseline 0 0"><span class='ocrx_word' id='word_1_4' title='bbox 0 2125 199 2270; x_wconf 95' lang='lat' dir='ltr'><strong>   </strong></span> 
     </span>
     <span class='ocr_line' id='line_1_5' title="bbox 0 2270 200 2481; baseline 0 -114"><span class='ocrx_word' id='word_1_5' title='bbox 0 2270 200 2481; x_wconf 95' lang='lat' dir='ltr'><strong>   </strong></span> 
     </span>
     <span class='ocr_line' id='line_1_6' title="bbox 0 2481 529 2706; baseline 0 -60"><span class='ocrx_word' id='word_1_6' title='bbox 0 2481 529 2706; x_wconf 95' lang='lat' dir='ltr'><strong>    </strong></span> 
     </span>
    </p>
   </div>
   <div class='ocr_carea' id='block_1_2' title="bbox 210 317 1772 1128">
    <p class='ocr_par' dir='ltr' id='par_1_2' title="bbox 210 317 1772 1128">
     <span class='ocr_line' id='line_1_7' title="bbox 255 317 1772 383; baseline -0.005 -15.16"><span class='ocrx_word' id='word_1_7' title='bbox 255 335 367 371; x_wconf 50' lang='lat' dir='ltr'><strong>„sese</strong></span> <span class='ocrx_word' id='word_1_8' title='bbox 390 321 696 383; x_wconf 73' lang='lat' dir='ltr'><strong>applicaverit,</strong></span> <span class='ocrx_word' id='word_1_9' title='bbox 731 319 908 363; x_wconf 87' lang='lat' dir='ltr'><strong>dubium</strong></span> <span class='ocrx_word' id='word_1_10' title='bbox 943 333 1035 363; x_wconf 84' lang='lat' dir='ltr'><strong>esse</strong></span> <span class='ocrx_word' id='word_1_11' title='bbox 1066 332 1149 362; x_wconf 90' lang='lat' dir='ltr'><strong>uon</strong></span> <span class='ocrx_word' id='word_1_12' title='bbox 1181 323 1333 375; x_wconf 83' lang='lat' dir='ltr'><strong>potest.</strong></span> <span class='ocrx_word' id='word_1_13' title='bbox 1395 317 1464 362; x_wconf 82' lang='lat' dir='ltr'><strong>Ad</strong></span> <span class='ocrx_word' id='word_1_14' title='bbox 1499 317 1630 372; x_wconf 88' lang='lat' dir='ltr'><strong>locos,</strong></span> <span class='ocrx_word' id='word_1_15' title='bbox 1668 330 1772 373; x_wconf 89' lang='lat' dir='ltr'><strong>quos</strong></span> 
     </span>
     <span class='ocr_line' id='line_1_8' title="bbox 216 386 955 451; baseline -0.013 -12"><span class='ocrx_word' id='word_1_16' title='bbox 216 389 227 447; x_wconf 57' lang='grc' dir='ltr'><strong>Ῐ,</strong></span> <span class='ocrx_word' id='word_1_17' title='bbox 262 392 360 436; x_wconf 71' lang='lat' dir='ltr'><strong>iam</strong></span> <span class='ocrx_word' id='word_1_18' title='bbox 375 402 522 451; x_wconf 79' lang='lat' dir='ltr'><strong>supra</strong></span> <span class='ocrx_word' id='word_1_19' title='bbox 549 388 687 444; x_wconf 82' lang='lat' dir='ltr'><strong>attuli,</strong></span> <span class='ocrx_word' id='word_1_20' title='bbox 716 388 793 431; x_wconf 87' lang='lat' dir='ltr'><strong>hos</strong></span> <span class='ocrx_word' id='word_1_21' title='bbox 824 386 955 431; x_wconf 83' lang='lat' dir='ltr'><strong>addo:</strong></span> 
     </span>
     <span class='ocr_line' id='line_1_9' title="bbox 210 455 1707 516; baseline -0.005 -12"><span class='ocrx_word' id='word_1_22' title='bbox 210 461 214 465; x_wconf 78' lang='grc'><strong><em>’</em></strong></span> <span class='ocrx_word' id='word_1_23' title='bbox 261 489 263 492; x_wconf 34' lang='lat' dir='ltr'><strong>f</strong></span> <span class='ocrx_word' id='word_1_24' title='bbox 318 459 443 516; x_wconf 85' lang='lat' dir='ltr'><strong>Prop.</strong></span> <span class='ocrx_word' id='word_1_25' title='bbox 465 456 540 502; x_wconf 84' lang='lat'><strong>43.</strong></span> <span class='ocrx_word' id='word_1_26' title='bbox 572 457 791 511; x_wconf 82' lang='lat' dir='ltr'><strong>caeruleus</strong></span> <span class='ocrx_word' id='word_1_27' title='bbox 822 457 1009 500; x_wconf 84' lang='lat' dir='ltr'><strong>cucumis</strong></span> <span class='ocrx_word' id='word_1_28' title='bbox 1040 455 1283 511; x_wconf 80' lang='lat' dir='ltr'><strong>tumidoque</strong></span> <span class='ocrx_word' id='word_1_29' title='bbox 1313 455 1534 498; x_wconf 81' lang='lat' dir='ltr'>cucurbita</span> <span class='ocrx_word' id='word_1_30' title='bbox 1562 460 1707 498; x_wconf 84' lang='lat' dir='ltr'><strong>ventre</strong></span> 
     </span>
     <span class='ocr_line' id='line_1_10' title="bbox 573 529 880 570; baseline -0.01 -1"><span class='ocrx_word' id='word_1_31' title='bbox 573 539 641 570; x_wconf 82' lang='lat' dir='ltr'><strong>me</strong></span> <span class='ocrx_word' id='word_1_32' title='bbox 671 529 793 569; x_wconf 81' lang='lat' dir='ltr'><strong>notat</strong></span> <span class='ocrx_word' id='word_1_33' title='bbox 813 557 822 567; x_wconf 93' lang='lat'><strong>.</strong></span> <span class='ocrx_word' id='word_1_34' title='bbox 842 557 880 568; x_wconf 92' lang='lat'><strong>..</strong></span> 
     </span>
     <span class='ocr_line' id='line_1_11' title="bbox 329 591 1534 648; baseline -0.003 -10"><span class='ocrx_word' id='word_1_35' title='bbox 329 594 454 648; x_wconf 79' lang='lat' dir='ltr'><strong>verg.</strong></span> <span class='ocrx_word' id='word_1_36' title='bbox 476 593 553 638; x_wconf 88' lang='lat' dir='ltr'><strong>Ge.</strong></span> <span class='ocrx_word' id='word_1_37' title='bbox 576 593 648 637; x_wconf 85' lang='lat' dir='ltr'><strong>lv.</strong></span> <span class='ocrx_word' id='word_1_38' title='bbox 671 591 773 636; x_wconf 79' lang='lat'>121:</span> <span class='ocrx_word' id='word_1_39' title='bbox 1004 596 1220 647; x_wconf 84' lang='lat' dir='ltr'><strong>tortusque</strong></span> <span class='ocrx_word' id='word_1_40' title='bbox 1250 606 1327 648; x_wconf 90' lang='lat' dir='ltr'><strong>per</strong></span> <span class='ocrx_word' id='word_1_41' title='bbox 1357 591 1534 635; x_wconf 83' lang='lat' dir='ltr'>herbam</span> 
     </span>
     <span class='ocr_line' id='line_1_12' title="bbox 573 661 1293 708; baseline -0.003 -3"><span class='ocrx_word' id='word_1_42' title='bbox 573 666 780 707; x_wconf 77' lang='lat' dir='ltr'><strong>cresceret</strong></span> <span class='ocrx_word' id='word_1_43' title='bbox 809 661 853 704; x_wconf 90' lang='lat' dir='ltr'><strong>in</strong></span> <span class='ocrx_word' id='word_1_44' title='bbox 882 664 1073 705; x_wconf 85' lang='lat' dir='ltr'><strong>ventrem</strong></span> <span class='ocrx_word' id='word_1_45' title='bbox 1093 661 1293 708; x_wconf 82' lang='lat' dir='ltr'><strong>cucumis.</strong></span> 
     </span>
     <span class='ocr_line' id='line_1_13' title="bbox 314 719 1305 776; baseline -0.003 -2"><span class='ocrx_word' id='word_1_46' title='bbox 314 772 317 774; x_wconf 85' lang='grc'><em>,</em></span> <span class='ocrx_word' id='word_1_47' title='bbox 406 730 472 776; x_wconf 82' lang='lat' dir='ltr'><strong>Pr,</strong></span> <span class='ocrx_word' id='word_1_48' title='bbox 494 729 570 773; x_wconf 81' lang='lat'><strong>44:</strong></span> <span class='ocrx_word' id='word_1_49' title='bbox 602 734 646 774; x_wconf 88' lang='lat' dir='ltr'><strong>et</strong></span> <span class='ocrx_word' id='word_1_50' title='bbox 674 730 799 773; x_wconf 87' lang='lat' dir='ltr'><strong>iunco</strong></span> <span class='ocrx_word' id='word_1_51' title='bbox 830 719 1021 776; x_wconf 82' lang='lat' dir='ltr'><strong>brassica</strong></span> <span class='ocrx_word' id='word_1_52' title='bbox 1049 729 1194 772; x_wconf 84' lang='lat' dir='ltr'><strong>vincta</strong></span> <span class='ocrx_word' id='word_1_53' title='bbox 1222 729 1305 772; x_wconf 77' lang='lat' dir='ltr'><strong>levi</strong></span> 
     </span>
     <span class='ocr_line' id='line_1_14' title="bbox 297 796 1740 853; baseline 0 -10"><span class='ocrx_word' id='word_1_54' title='bbox 297 798 388 843; x_wconf 76' lang='lat' dir='ltr'><strong>-Tib,</strong></span> <span class='ocrx_word' id='word_1_55' title='bbox 413 796 626 853; x_wconf 83' lang='lat'><strong>11.3‚15:</strong></span> <span class='ocrx_word' id='word_1_56' title='bbox 657 802 748 842; x_wconf 90' lang='lat' dir='ltr'><strong>tum</strong></span> <span class='ocrx_word' id='word_1_57' title='bbox 778 797 944 843; x_wconf 81' lang='lat' dir='ltr'><strong>fiscella</strong></span> <span class='ocrx_word' id='word_1_58' title='bbox 972 797 1055 842; x_wconf 79' lang='lat' dir='ltr'><strong>levi</strong></span> <span class='ocrx_word' id='word_1_59' title='bbox 1085 796 1260 841; x_wconf 77' lang='lat' dir='ltr'><strong>detexta</strong></span> <span class='ocrx_word' id='word_1_60' title='bbox 1291 802 1355 841; x_wconf 84' lang='lat' dir='ltr'><strong>est</strong></span> <span class='ocrx_word' id='word_1_61' title='bbox 1383 798 1540 841; x_wconf 88' lang='lat' dir='ltr'><strong>vimine</strong></span> <span class='ocrx_word' id='word_1_62' title='bbox 1570 798 1683 841; x_wconf 85' lang='lat' dir='ltr'><strong>iunci</strong></span> <span class='ocrx_word' id='word_1_63' title='bbox 1699 798 1740 852; x_wconf 88' lang='lat'><strong>¹).</strong></span> 
     </span>
     <span class='ocr_line' id='line_1_15' title="bbox 383 865 1657 924; baseline -0.001 -14"><span class='ocrx_word' id='word_1_64' title='bbox 383 867 451 910; x_wconf 90' lang='lat' dir='ltr'><strong>Pr.</strong></span> <span class='ocrx_word' id='word_1_65' title='bbox 472 865 547 910; x_wconf 76' lang='lat'><strong>45:</strong></span> <span class='ocrx_word' id='word_1_66' title='bbox 579 881 658 910; x_wconf 89' lang='lat' dir='ltr'><strong>nec</strong></span> <span class='ocrx_word' id='word_1_67' title='bbox 687 865 766 910; x_wconf 88' lang='lat' dir='ltr'><strong>flos</strong></span> <span class='ocrx_word' id='word_1_68' title='bbox 795 867 908 909; x_wconf 91' lang='lat' dir='ltr'><strong>ullus</strong></span> <span class='ocrx_word' id='word_1_69' title='bbox 937 865 1030 910; x_wconf 85' lang='lat' dir='ltr'><strong>hiat</strong></span> <span class='ocrx_word' id='word_1_70' title='bbox 1058 867 1193 924; x_wconf 87' lang='lat' dir='ltr'><strong>pratis</strong></span> <span class='ocrx_word' id='word_1_71' title='bbox 1222 867 1323 921; x_wconf 88' lang='lat' dir='ltr'><strong>quin</strong></span> <span class='ocrx_word' id='word_1_72' title='bbox 1354 866 1427 909; x_wconf 88' lang='lat' dir='ltr'><strong>ille</strong></span> <span class='ocrx_word' id='word_1_73' title='bbox 1457 866 1657 910; x_wconf 86' lang='lat' dir='ltr'><strong>decenter</strong></span> 
     </span>
     <span class='ocr_line' id='line_1_16' title="bbox 577 927 1484 993; baseline -0.003 -14"><span class='ocrx_word' id='word_1_74' title='bbox 577 936 799 993; x_wconf 86' lang='lat' dir='ltr'><strong>impositus</strong></span> <span class='ocrx_word' id='word_1_75' title='bbox 829 934 957 979; x_wconf 82' lang='lat' dir='ltr'><strong>fronti</strong></span> <span class='ocrx_word' id='word_1_76' title='bbox 985 927 1320 988; x_wconf 71' lang='lat' dir='ltr'><strong>langueatlante</strong></span> <span class='ocrx_word' id='word_1_77' title='bbox 1350 949 1484 978; x_wconf 87' lang='lat' dir='ltr'><strong>meae.</strong></span> 
     </span>
     <span class='ocr_line' id='line_1_17' title="bbox 268 1002 1769 1061; baseline -0.001 -13"><span class='ocrx_word' id='word_1_78' title='bbox 268 1004 358 1049; x_wconf 87' lang='lat' dir='ltr'><strong>Tib.</strong></span> <span class='ocrx_word' id='word_1_79' title='bbox 381 1004 413 1050; x_wconf 92' lang='grc' dir='ltr'><strong>Ι.</strong></span> <span class='ocrx_word' id='word_1_80' title='bbox 436 1003 475 1060; x_wconf 87' lang='grc'><strong>1,</strong></span> <span class='ocrx_word' id='word_1_81' title='bbox 497 1002 578 1048; x_wconf 76' lang='lat'><strong>132-</strong></span> <span class='ocrx_word' id='word_1_82' title='bbox 603 1002 942 1061; x_wconf 83' lang='lat' dir='ltr'><strong>etquodcunque</strong></span> <span class='ocrx_word' id='word_1_83' title='bbox 963 1002 1065 1046; x_wconf 86' lang='lat' dir='ltr'><strong>mihi</strong></span> <span class='ocrx_word' id='word_1_84' title='bbox 1086 1015 1259 1060; x_wconf 88' lang='lat' dir='ltr'><strong>pomum</strong></span> <span class='ocrx_word' id='word_1_85' title='bbox 1285 1014 1417 1046; x_wconf 84' lang='lat' dir='ltr'><strong>novus</strong></span> <span class='ocrx_word' id='word_1_86' title='bbox 1439 1002 1592 1048; x_wconf 86' lang='lat' dir='ltr'><strong>educat</strong></span> <span class='ocrx_word' id='word_1_87' title='bbox 1617 1011 1769 1058; x_wconf 68' lang='lat' dir='ltr'><strong>atinus,</strong></span> 
     </span>
     <span class='ocr_line' id='line_1_18' title="bbox 599 1072 1524 1128; baseline 0 -12"><span class='ocrx_word' id='word_1_88' title='bbox 599 1073 780 1116; x_wconf 80' lang='lat' dir='ltr'><strong>libatum</strong></span> <span class='ocrx_word' id='word_1_89' title='bbox 810 1072 1024 1126; x_wconf 83' lang='lat' dir='ltr'><strong>agricolae</strong></span> <span class='ocrx_word' id='word_1_90' title='bbox 1056 1072 1226 1128; x_wconf 87' lang='lat' dir='ltr'><strong>ponitur</strong></span> <span class='ocrx_word' id='word_1_91' title='bbox 1256 1077 1356 1115; x_wconf 82' lang='lat' dir='ltr'><strong>ante</strong></span> <span class='ocrx_word' id='word_1_92' title='bbox 1386 1072 1524 1126; x_wconf 78' lang='lat' dir='ltr'><strong>de02).</strong></span> 
     </span>
    </p>
   </div>
   <div class='ocr_carea' id='block_1_3' title="bbox 271 1166 541 1172">
    <p class='ocr_par' dir='ltr' id='par_1_3' title="bbox 271 1166 541 1172">
     <span class='ocr_line' id='line_1_19' title="bbox 271 1166 541 1172; baseline 0 0"><span class='ocrx_word' id='word_1_93' title='bbox 271 1166 541 1172; x_wconf 95' lang='lat' dir='ltr'><strong> </strong></span> 
     </span>
    </p>
   </div>
   <div class='ocr_carea' id='block_1_4' title="bbox 407 1226 1643 1336">
    <p class='ocr_par' dir='ltr' id='par_1_4' title="bbox 407 1226 1643 1336">
     <span class='ocr_line' id='line_1_20' title="bbox 407 1226 1643 1282; baseline -0.001 -15"><span class='ocrx_word' id='word_1_94' title='bbox 407 1233 437 1277; x_wconf 89' lang='lat'><strong>¹)</strong></span> <span class='ocrx_word' id='word_1_95' title='bbox 461 1231 508 1268; x_wconf 82' lang='lat' dir='ltr'><strong>cf.</strong></span> <span class='ocrx_word' id='word_1_96' title='bbox 532 1231 635 1282; x_wconf 81' lang='lat' dir='ltr'><strong>Gopa</strong></span> <span class='ocrx_word' id='word_1_97' title='bbox 657 1231 718 1267; x_wconf 86' lang='lat'><strong>21:</strong></span> <span class='ocrx_word' id='word_1_98' title='bbox 745 1231 829 1265; x_wconf 87' lang='lat' dir='ltr'><strong>suut</strong></span> <span class='ocrx_word' id='word_1_99' title='bbox 853 1231 889 1265; x_wconf 82' lang='lat' dir='ltr'><strong>et</strong></span> <span class='ocrx_word' id='word_1_100' title='bbox 913 1240 1013 1266; x_wconf 82' lang='lat' dir='ltr'><strong>mora</strong></span> <span class='ocrx_word' id='word_1_101' title='bbox 1037 1231 1186 1266; x_wconf 80' lang='lat' dir='ltr'><strong>cruenta</strong></span> <span class='ocrx_word' id='word_1_102' title='bbox 1209 1233 1246 1266; x_wconf 91' lang='lat' dir='ltr'><strong>et</strong></span> <span class='ocrx_word' id='word_1_103' title='bbox 1269 1230 1375 1266; x_wconf 87' lang='lat' dir='ltr'><strong>lentis</strong></span> <span class='ocrx_word' id='word_1_104' title='bbox 1400 1226 1471 1266; x_wconf 60' lang='lat' dir='ltr'><strong>uva</strong></span> <span class='ocrx_word' id='word_1_105' title='bbox 1493 1231 1643 1267; x_wconf 81' lang='lat' dir='ltr'><strong>racemis</strong></span> 
     </span>
     <span class='ocr_line' id='line_1_21' title="bbox 747 1287 1494 1336; baseline 0 -13"><span class='ocrx_word' id='word_1_106' title='bbox 747 1289 784 1324; x_wconf 86' lang='lat' dir='ltr'><strong>et</strong></span> <span class='ocrx_word' id='word_1_107' title='bbox 800 1287 960 1335; x_wconf 78' lang='lat' dir='ltr'><strong>pendens</strong></span> <span class='ocrx_word' id='word_1_108' title='bbox 984 1287 1090 1324; x_wconf 82' lang='lat' dir='ltr'><strong>iunco</strong></span> <span class='ocrx_word' id='word_1_109' title='bbox 1114 1288 1300 1325; x_wconf 79' lang='lat' dir='ltr'><strong>caeruleus</strong></span> <span class='ocrx_word' id='word_1_110' title='bbox 1324 1287 1494 1336; x_wconf 80' lang='lat' dir='ltr'><strong>cucumis.</strong></span> 
     </span>
    </p>
   </div>
   <div class='ocr_carea' id='block_1_5' title="bbox 0 1355 1769 1980">
    <p class='ocr_par' dir='ltr' id='par_1_5' title="bbox 0 1355 1769 1980">
     <span class='ocr_line' id='line_1_22' title="bbox 405 1355 1767 1403; baseline 0 -9"><span class='ocrx_word' id='word_1_111' title='bbox 405 1358 434 1402; x_wconf 81' lang='lat'><strong>²)</strong></span> <span class='ocrx_word' id='word_1_112' title='bbox 459 1358 513 1394; x_wconf 84' lang='lat' dir='ltr'><strong>De</strong></span> <span class='ocrx_word' id='word_1_113' title='bbox 549 1356 742 1398; x_wconf 73' lang='lat' dir='ltr'><strong>Vertumno</strong></span> <span class='ocrx_word' id='word_1_114' title='bbox 773 1355 931 1393; x_wconf 80' lang='lat' dir='ltr'><strong>fabulam</strong></span> <span class='ocrx_word' id='word_1_115' title='bbox 962 1355 1111 1393; x_wconf 86' lang='lat' dir='ltr'><strong>Ovidius</strong></span> <span class='ocrx_word' id='word_1_116' title='bbox 1141 1356 1177 1392; x_wconf 90' lang='lat' dir='ltr'><strong>in</strong></span> <span class='ocrx_word' id='word_1_117' title='bbox 1207 1356 1298 1394; x_wconf 84' lang='lat' dir='ltr'><strong>libro</strong></span> <span class='ocrx_word' id='word_1_118' title='bbox 1326 1356 1406 1393; x_wconf 91' lang='lat' dir='ltr'><strong>XIV</strong></span> <span class='ocrx_word' id='word_1_119' title='bbox 1431 1357 1767 1403; x_wconf 75' lang='lat' dir='ltr'><strong>Metamorphoseon</strong></span> 
     </span>
     <span class='ocr_line' id='line_1_23' title="bbox 6 1413 1769 1462; baseline -0.001 -10"><span class='ocrx_word' id='word_1_120' title='bbox 6 1446 28 1461; x_wconf 72' lang='lat'><strong>-.</strong></span> <span class='ocrx_word' id='word_1_121' title='bbox 267 1425 485 1461; x_wconf 65' lang='lat' dir='ltr'><strong>quamquam</strong></span> <span class='ocrx_word' id='word_1_122' title='bbox 508 1413 621 1462; x_wconf 75' lang='lat' dir='ltr'><strong>multo</strong></span> <span class='ocrx_word' id='word_1_123' title='bbox 639 1413 785 1450; x_wconf 80' lang='lat' dir='ltr'><strong>suavius</strong></span> <span class='ocrx_word' id='word_1_124' title='bbox 802 1415 838 1449; x_wconf 80' lang='lat' dir='ltr'><strong>et</strong></span> <span class='ocrx_word' id='word_1_125' title='bbox 853 1413 1053 1459; x_wconf 82' lang='lat' dir='ltr'><strong>elegantius</strong></span> <span class='ocrx_word' id='word_1_126' title='bbox 1078 1415 1211 1457; x_wconf 79' lang='lat' dir='ltr'><strong>narrat,</strong></span> <span class='ocrx_word' id='word_1_127' title='bbox 1235 1424 1317 1450; x_wconf 91' lang='lat' dir='ltr'><strong>cum</strong></span> <span class='ocrx_word' id='word_1_128' title='bbox 1333 1414 1437 1450; x_wconf 85' lang='lat' dir='ltr'><strong>deum</strong></span> <span class='ocrx_word' id='word_1_129' title='bbox 1454 1424 1575 1450; x_wconf 76' lang='lat' dir='ltr'><strong>amore</strong></span> <span class='ocrx_word' id='word_1_130' title='bbox 1589 1413 1769 1451; x_wconf 85' lang='lat' dir='ltr'><strong>Pomonae</strong></span> 
     </span>
     <span class='ocr_line' id='line_1_24' title="bbox 0 1462 1767 1520; baseline 0.001 -13"><span class='ocrx_word' id='word_1_131' title='bbox 0 1462 55 1520; x_wconf 38' lang='grc' dir='ltr'><strong>’ξμ-</strong></span> <span class='ocrx_word' id='word_1_132' title='bbox 89 1505 94 1508; x_wconf 81' lang='grc'>,</span> <span class='ocrx_word' id='word_1_133' title='bbox 267 1468 451 1507; x_wconf 75' lang='lat' dir='ltr'><strong>incensum</strong></span> <span class='ocrx_word' id='word_1_134' title='bbox 476 1470 711 1518; x_wconf 78' lang='lat' dir='ltr'><strong>ambiguitate</strong></span> <span class='ocrx_word' id='word_1_135' title='bbox 735 1481 838 1506; x_wconf 80' lang='lat' dir='ltr'><strong>usum</strong></span> <span class='ocrx_word' id='word_1_136' title='bbox 862 1481 983 1506; x_wconf 86' lang='lat' dir='ltr'><strong>omnes</strong></span> <span class='ocrx_word' id='word_1_137' title='bbox 1008 1470 1089 1506; x_wconf 78' lang='lat' dir='ltr'><strong>illas</strong></span> <span class='ocrx_word' id='word_1_138' title='bbox 1111 1470 1234 1519; x_wconf 70' lang='lat' dir='ltr'><strong>varias</strong></span> <span class='ocrx_word' id='word_1_139' title='bbox 1256 1470 1389 1507; x_wconf 77' lang='lat' dir='ltr'><strong>formas</strong></span> <span class='ocrx_word' id='word_1_140' title='bbox 1414 1470 1620 1507; x_wconf 82' lang='lat' dir='ltr'><strong>induentem</strong></span> <span class='ocrx_word' id='word_1_141' title='bbox 1644 1471 1767 1515; x_wconf 73' lang='lat' dir='ltr'><strong>faeiat,</strong></span> 
     </span>
     <span class='ocr_line' id='line_1_25' title="bbox 74 1520 1767 1575; baseline 0.001 -10.961"><span class='ocrx_word' id='word_1_142' title='bbox 74 1524 82 1542; x_wconf 70' lang='lat'><strong><em>⁵</em></strong></span> <span class='ocrx_word' id='word_1_143' title='bbox 140 1520 148 1526; x_wconf 64' lang='grc'><strong>”</strong></span> <span class='ocrx_word' id='word_1_144' title='bbox 266 1530 308 1564; x_wconf 90' lang='lat' dir='ltr'><strong>ut</strong></span> <span class='ocrx_word' id='word_1_145' title='bbox 332 1537 488 1564; x_wconf 81' lang='lat' dir='ltr'><strong>amorem</strong></span> <span class='ocrx_word' id='word_1_146' title='bbox 511 1529 652 1565; x_wconf 76' lang='lat' dir='ltr'><strong>amatae</strong></span> <span class='ocrx_word' id='word_1_147' title='bbox 682 1527 862 1564; x_wconf 83' lang='lat' dir='ltr'><strong>Pomonae</strong></span> <span class='ocrx_word' id='word_1_148' title='bbox 895 1527 963 1563; x_wconf 83' lang='lat' dir='ltr'><strong>sibi</strong></span> <span class='ocrx_word' id='word_1_149' title='bbox 993 1527 1179 1572; x_wconf 78' lang='lat' dir='ltr'><strong>conciliet,</strong></span> <span class='ocrx_word' id='word_1_150' title='bbox 1198 1529 1329 1564; x_wconf 64' lang='lat' dir='ltr'><strong>tamen</strong></span> <span class='ocrx_word' id='word_1_151' title='bbox 1361 1528 1561 1574; x_wconf 80' lang='lat' dir='ltr'><strong>exemplum</strong></span> <span class='ocrx_word' id='word_1_152' title='bbox 1590 1527 1767 1575; x_wconf 86' lang='lat' dir='ltr'><strong>Propertii</strong></span> 
     </span>
     <span class='ocr_line' id='line_1_26' title="bbox 268 1584 1767 1633; baseline 0.001 -13"><span class='ocrx_word' id='word_1_153' title='bbox 268 1584 393 1621; x_wconf 80' lang='lat' dir='ltr'><strong>multis</strong></span> <span class='ocrx_word' id='word_1_154' title='bbox 417 1584 508 1621; x_wconf 82' lang='lat' dir='ltr'><strong>locis</strong></span> <span class='ocrx_word' id='word_1_155' title='bbox 538 1588 684 1622; x_wconf 81' lang='lat' dir='ltr'><strong>secutus</strong></span> <span class='ocrx_word' id='word_1_156' title='bbox 708 1587 773 1620; x_wconf 81' lang='lat' dir='ltr'><strong>est.</strong></span> <span class='ocrx_word' id='word_1_157' title='bbox 825 1585 981 1631; x_wconf 80' lang='lat' dir='ltr'><strong>Appono</strong></span> <span class='ocrx_word' id='word_1_158' title='bbox 1011 1584 1093 1620; x_wconf 86' lang='lat' dir='ltr'><strong>illos</strong></span> <span class='ocrx_word' id='word_1_159' title='bbox 1122 1585 1239 1629; x_wconf 87' lang='lat' dir='ltr'><strong>locos,</strong></span> <span class='ocrx_word' id='word_1_160' title='bbox 1270 1585 1330 1631; x_wconf 87' lang='lat' dir='ltr'><strong>qui</strong></span> <span class='ocrx_word' id='word_1_161' title='bbox 1362 1585 1629 1621; x_wconf 84' lang='lat' dir='ltr'><strong>similitudinem</strong></span> <span class='ocrx_word' id='word_1_162' title='bbox 1658 1588 1767 1633; x_wconf 80' lang='lat' dir='ltr'><strong>atque</strong></span> 
     </span>
     <span class='ocr_line' id='line_1_27' title="bbox 265 1634 860 1683; baseline -0.002 -5"><span class='ocrx_word' id='word_1_163' title='bbox 265 1641 502 1679; x_wconf 72' lang='lat' dir='ltr'><strong>imitationem</strong></span> <span class='ocrx_word' id='word_1_164' title='bbox 525 1641 712 1683; x_wconf 81' lang='lat' dir='ltr'><strong>exhibent:</strong></span> <span class='ocrx_word' id='word_1_165' title='bbox 856 1634 860 1637; x_wconf 63' lang='grc'><strong><em>’</em></strong></span> 
     </span>
     <span class='ocr_line' id='line_1_28' title="bbox 401 1699 1591 1746; baseline -0.001 -11"><span class='ocrx_word' id='word_1_166' title='bbox 401 1699 458 1738; x_wconf 88' lang='lat' dir='ltr'><strong>Pr.</strong></span> <span class='ocrx_word' id='word_1_167' title='bbox 473 1700 536 1735; x_wconf 82' lang='lat'><strong>25:</strong></span> <span class='ocrx_word' id='word_1_168' title='bbox 560 1699 609 1742; x_wconf 64' lang='lat' dir='ltr'><strong>da</strong></span> <span class='ocrx_word' id='word_1_169' title='bbox 632 1699 761 1737; x_wconf 78' lang='lat' dir='ltr'><strong>falcem</strong></span> <span class='ocrx_word' id='word_1_170' title='bbox 784 1701 821 1735; x_wconf 86' lang='lat' dir='ltr'><strong>et</strong></span> <span class='ocrx_word' id='word_1_171' title='bbox 844 1701 941 1735; x_wconf 81' lang='lat' dir='ltr'><strong>terto</strong></span> <span class='ocrx_word' id='word_1_172' title='bbox 965 1699 1119 1736; x_wconf 86' lang='lat' dir='ltr'><strong>frontem</strong></span> <span class='ocrx_word' id='word_1_173' title='bbox 1141 1700 1227 1736; x_wconf 86' lang='lat' dir='ltr'><strong>mihi</strong></span> <span class='ocrx_word' id='word_1_174' title='bbox 1252 1699 1445 1746; x_wconf 78' lang='lat' dir='ltr'><strong>comprime</strong></span> <span class='ocrx_word' id='word_1_175' title='bbox 1469 1700 1591 1736; x_wconf 77' lang='lat' dir='ltr'><strong>faeno:</strong></span> 
     </span>
     <span class='ocr_line' id='line_1_29' title="bbox 563 1752 1298 1803; baseline 0.001 -11"><span class='ocrx_word' id='word_1_176' title='bbox 563 1752 709 1800; x_wconf 79' lang='lat' dir='ltr'><strong>iurabis</strong></span> <span class='ocrx_word' id='word_1_177' title='bbox 723 1759 848 1793; x_wconf 73' lang='lat' dir='ltr'><strong>nostra</strong></span> <span class='ocrx_word' id='word_1_178' title='bbox 870 1756 1033 1803; x_wconf 61' lang='lat' dir='ltr'><strong>gramine</strong></span> <span class='ocrx_word' id='word_1_179' title='bbox 1055 1758 1156 1793; x_wconf 78' lang='lat' dir='ltr'><strong>secta</strong></span> <span class='ocrx_word' id='word_1_180' title='bbox 1181 1768 1298 1793; x_wconf 79' lang='lat' dir='ltr'><strong>manu.</strong></span> 
     </span>
     <span class='ocr_line' id='line_1_30' title="bbox 395 1814 1597 1861; baseline 0 -10"><span class='ocrx_word' id='word_1_181' title='bbox 395 1814 458 1851; x_wconf 85' lang='lat' dir='ltr'><strong>Ov.</strong></span> <span class='ocrx_word' id='word_1_182' title='bbox 477 1814 560 1851; x_wconf 78' lang='lat' dir='ltr'><strong>Met.</strong></span> <span class='ocrx_word' id='word_1_183' title='bbox 575 1815 662 1852; x_wconf 78' lang='lat'>645:</span> <span class='ocrx_word' id='word_1_184' title='bbox 687 1816 852 1861; x_wconf 77' lang='lat' dir='ltr'><strong>tempora</strong></span> <span class='ocrx_word' id='word_1_185' title='bbox 874 1825 984 1860; x_wconf 73' lang='lat' dir='ltr'><strong>saepe</strong></span> <span class='ocrx_word' id='word_1_186' title='bbox 1007 1824 1133 1861; x_wconf 81' lang='lat' dir='ltr'><strong>gerens</strong></span> <span class='ocrx_word' id='word_1_187' title='bbox 1157 1814 1263 1850; x_wconf 75' lang='lat' dir='ltr'><strong>faeno</strong></span> <span class='ocrx_word' id='word_1_188' title='bbox 1287 1814 1441 1861; x_wconf 78' lang='lat' dir='ltr'><strong>religata.</strong></span> <span class='ocrx_word' id='word_1_189' title='bbox 1465 1816 1597 1851; x_wconf 82' lang='lat' dir='ltr'><strong>recenti</strong></span> 
     </span>
     <span class='ocr_line' id='line_1_31' title="bbox 658 1871 1538 1918; baseline 0.001 -12"><span class='ocrx_word' id='word_1_190' title='bbox 658 1897 662 1902; x_wconf 88' lang='lat'><strong>.</strong></span> <span class='ocrx_word' id='word_1_191' title='bbox 686 1871 869 1907; x_wconf 83' lang='lat' dir='ltr'><strong>desectum</strong></span> <span class='ocrx_word' id='word_1_192' title='bbox 892 1873 1038 1918; x_wconf 79' lang='lat' dir='ltr'><strong>poterat</strong></span> <span class='ocrx_word' id='word_1_193' title='bbox 1061 1883 1204 1918; x_wconf 84' lang='lat' dir='ltr'><strong>gramen</strong></span> <span class='ocrx_word' id='word_1_194' title='bbox 1229 1882 1391 1908; x_wconf 77' lang='lat' dir='ltr'><strong>versasse</strong></span> <span class='ocrx_word' id='word_1_195' title='bbox 1415 1872 1538 1907; x_wconf 85' lang='lat' dir='ltr'><strong>videri.</strong></span> 
     </span>
     <span class='ocr_line' id='line_1_32' title="bbox 571 1927 1212 1980; baseline 0.002 -16"><span class='ocrx_word' id='word_1_196' title='bbox 571 1928 657 1967; x_wconf 80' lang='lat'><strong>649:</strong></span> <span class='ocrx_word' id='word_1_197' title='bbox 683 1928 776 1980; x_wconf 77' lang='lat' dir='ltr'><strong>falce</strong></span> <span class='ocrx_word' id='word_1_198' title='bbox 799 1928 886 1965; x_wconf 79' lang='lat' dir='ltr'><strong>data</strong></span> <span class='ocrx_word' id='word_1_199' title='bbox 910 1927 1096 1965; x_wconf 80' lang='lat' dir='ltr'><strong>frondator</strong></span> <span class='ocrx_word' id='word_1_200' title='bbox 1124 1931 1212 1966; x_wconf 78' lang='lat' dir='ltr'><strong>erat.</strong></span> 
     </span>
    </p>
   </div>
   <div class='ocr_carea' id='block_1_6' title="bbox 500 1995 1569 2159">
    <p class='ocr_par' dir='ltr' id='par_1_6' title="bbox 500 1995 1569 2159">
     <span class='ocr_line' id='line_1_33' title="bbox 526 1995 1531 2044; baseline 0.001 -11"><span class='ocrx_word' id='word_1_201' title='bbox 526 1997 581 2034; x_wconf 87' lang='lat' dir='ltr'><strong>Pr.</strong></span> <span class='ocrx_word' id='word_1_202' title='bbox 598 1999 660 2036; x_wconf 83' lang='lat'><strong>28:</strong></span> <span class='ocrx_word' id='word_1_203' title='bbox 685 1997 803 2034; x_wconf 87' lang='lat' dir='ltr'><strong>corbis</strong></span> <span class='ocrx_word' id='word_1_204' title='bbox 827 1997 863 2032; x_wconf 92' lang='lat' dir='ltr'><strong>in</strong></span> <span class='ocrx_word' id='word_1_205' title='bbox 888 1995 1057 2044; x_wconf 80' lang='lat' dir='ltr'><strong>imposito</strong></span> <span class='ocrx_word' id='word_1_206' title='bbox 1082 1998 1240 2044; x_wconf 87' lang='lat' dir='ltr'><strong>pondere</strong></span> <span class='ocrx_word' id='word_1_207' title='bbox 1263 2008 1400 2034; x_wconf 83' lang='lat' dir='ltr'><strong>messor</strong></span> <span class='ocrx_word' id='word_1_208' title='bbox 1424 2009 1531 2035; x_wconf 77' lang='lat' dir='ltr'><strong>eram.</strong></span> 
     </span>
     <span class='ocr_line' id='line_1_34' title="bbox 500 2053 1569 2101; baseline 0.001 -11"><span class='ocrx_word' id='word_1_209' title='bbox 500 2054 563 2093; x_wconf 87' lang='lat' dir='ltr'><strong>Ov.</strong></span> <span class='ocrx_word' id='word_1_210' title='bbox 580 2053 666 2092; x_wconf 77' lang='lat'>643:</span> <span class='ocrx_word' id='word_1_211' title='bbox 689 2065 711 2090; x_wconf 95' lang='lat' dir='ltr'><strong>o</strong></span> <span class='ocrx_word' id='word_1_212' title='bbox 736 2054 903 2101; x_wconf 90' lang='lat' dir='ltr'><strong>quotiens</strong></span> <span class='ocrx_word' id='word_1_213' title='bbox 925 2054 1051 2091; x_wconf 81' lang='lat' dir='ltr'><strong>habitu</strong></span> <span class='ocrx_word' id='word_1_214' title='bbox 1076 2055 1156 2091; x_wconf 87' lang='lat' dir='ltr'><strong>duri</strong></span> <span class='ocrx_word' id='word_1_215' title='bbox 1179 2054 1349 2091; x_wconf 82' lang='lat' dir='ltr'><strong>messoris</strong></span> <span class='ocrx_word' id='word_1_216' title='bbox 1371 2055 1503 2091; x_wconf 78' lang='lat' dir='ltr'><strong>aristas</strong></span> <span class='ocrx_word' id='word_1_217' title='bbox 1566 2076 1569 2078; x_wconf 98' lang='lat'>-</span> 
     </span>
     <span class='ocr_line' id='line_1_35' title="bbox 689 2111 1497 2159; baseline 0 -11"><span class='ocrx_word' id='word_1_218' title='bbox 689 2112 796 2148; x_wconf 81' lang='lat' dir='ltr'><strong>corbe</strong></span> <span class='ocrx_word' id='word_1_219' title='bbox 819 2111 905 2148; x_wconf 74' lang='lat' dir='ltr'><strong>tulit</strong></span> <span class='ocrx_word' id='word_1_220' title='bbox 926 2112 1071 2159; x_wconf 84' lang='lat' dir='ltr'><strong>verique</strong></span> <span class='ocrx_word' id='word_1_221' title='bbox 1095 2112 1165 2148; x_wconf 85' lang='lat' dir='ltr'><strong>fuit</strong></span> <span class='ocrx_word' id='word_1_222' title='bbox 1187 2112 1356 2149; x_wconf 84' lang='lat' dir='ltr'><strong>messoris</strong></span> <span class='ocrx_word' id='word_1_223' title='bbox 1381 2112 1497 2159; x_wconf 79' lang='lat' dir='ltr'><strong>imago</strong></span> 
     </span>
    </p>
   </div>
   <div class='ocr_carea' id='block_1_7' title="bbox 213 2180 1768 2746">
    <p class='ocr_par' dir='ltr' id='par_1_7' title="bbox 213 2180 1768 2746">
     <span class='ocr_line' id='line_1_36' title="bbox 527 2180 1509 2228; baseline 0.002 -13"><span class='ocrx_word' id='word_1_224' title='bbox 527 2180 583 2220; x_wconf 79' lang='lat' dir='ltr'><strong>Pr.</strong></span> <span class='ocrx_word' id='word_1_225' title='bbox 599 2180 662 2218; x_wconf 84' lang='lat'><strong>33:</strong></span> <span class='ocrx_word' id='word_1_226' title='bbox 1165 2181 1339 2217; x_wconf 83' lang='lat' dir='ltr'><strong>arundine</strong></span> <span class='ocrx_word' id='word_1_227' title='bbox 1363 2184 1509 2228; x_wconf 78' lang='lat' dir='ltr'><strong>sumpta</strong></span> 
     </span>
     <span class='ocr_line' id='line_1_37' title="bbox 686 2237 1428 2284; baseline 0.001 -11"><span class='ocrx_word' id='word_1_228' title='bbox 686 2237 832 2273; x_wconf 85' lang='lat' dir='ltr'><strong>Faunus</strong></span> <span class='ocrx_word' id='word_1_229' title='bbox 856 2238 1022 2284; x_wconf 88' lang='lat' dir='ltr'><strong>plumoso</strong></span> <span class='ocrx_word' id='word_1_230' title='bbox 1047 2249 1125 2274; x_wconf 81' lang='lat' dir='ltr'><strong>sum</strong></span> <span class='ocrx_word' id='word_1_231' title='bbox 1148 2238 1238 2274; x_wconf 86' lang='lat' dir='ltr'><strong>deus</strong></span> <span class='ocrx_word' id='word_1_232' title='bbox 1261 2238 1428 2284; x_wconf 79' lang='lat' dir='ltr'><strong>aucupio.</strong></span> 
     </span>
     <span class='ocr_line' id='line_1_38' title="bbox 496 2294 1221 2343; baseline 0.003 -12"><span class='ocrx_word' id='word_1_233' title='bbox 496 2294 560 2333; x_wconf 84' lang='lat' dir='ltr'><strong>Ov.</strong></span> <span class='ocrx_word' id='word_1_234' title='bbox 576 2294 661 2333; x_wconf 85' lang='lat'>651:</span> <span class='ocrx_word' id='word_1_235' title='bbox 686 2294 846 2342; x_wconf 77' lang='lat' dir='ltr'><strong>piscator</strong></span> <span class='ocrx_word' id='word_1_236' title='bbox 869 2295 1043 2332; x_wconf 82' lang='lat' dir='ltr'><strong>arundine</strong></span> <span class='ocrx_word' id='word_1_237' title='bbox 1065 2296 1221 2343; x_wconf 77' lang='lat' dir='ltr'><strong>sumpta.</strong></span> 
     </span>
     <span class='ocr_line' id='line_1_39' title="bbox 522 2342 1459 2400; baseline 0.001 -13"><span class='ocrx_word' id='word_1_238' title='bbox 522 2351 578 2388; x_wconf 88' lang='lat' dir='ltr'><strong>Pr</strong></span> <span class='ocrx_word' id='word_1_239' title='bbox 595 2353 658 2391; x_wconf 77' lang='lat'><strong>47:</strong></span> <span class='ocrx_word' id='word_1_240' title='bbox 683 2352 780 2400; x_wconf 87' lang='lat' dir='ltr'><strong>quod</strong></span> <span class='ocrx_word' id='word_1_241' title='bbox 805 2352 939 2389; x_wconf 72' lang='lat' dir='ltr'><strong>formas</strong></span> <span class='ocrx_word' id='word_1_242' title='bbox 963 2364 1056 2390; x_wconf 88' lang='lat' dir='ltr'><strong>unus</strong></span> <span class='ocrx_word' id='word_1_243' title='bbox 1079 2353 1243 2390; x_wconf 68' lang='lat' dir='ltr'><strong>vertebar</strong></span> <span class='ocrx_word' id='word_1_244' title='bbox 1266 2353 1303 2389; x_wconf 90' lang='lat' dir='ltr'><strong>in</strong></span> <span class='ocrx_word' id='word_1_245' title='bbox 1326 2342 1459 2389; x_wconf 76' lang='lat' dir='ltr'><strong>omncs.</strong></span> 
     </span>
     <span class='ocr_line' id='line_1_40' title="bbox 496 2407 1387 2457; baseline 0.001 -12"><span class='ocrx_word' id='word_1_246' title='bbox 496 2409 558 2446; x_wconf 87' lang='lat' dir='ltr'><strong>Ov.</strong></span> <span class='ocrx_word' id='word_1_247' title='bbox 576 2409 662 2448; x_wconf 80' lang='lat'>685:</span> <span class='ocrx_word' id='word_1_248' title='bbox 687 2409 894 2457; x_wconf 78' lang='lat' dir='ltr'><strong>formasque</strong></span> <span class='ocrx_word' id='word_1_249' title='bbox 918 2411 1004 2457; x_wconf 76' lang='lat' dir='ltr'><strong>apte</strong></span> <span class='ocrx_word' id='word_1_250' title='bbox 1027 2407 1180 2457; x_wconf 84' lang='lat' dir='ltr'><strong>fingetur</strong></span> <span class='ocrx_word' id='word_1_251' title='bbox 1203 2410 1240 2446; x_wconf 89' lang='lat' dir='ltr'><strong>in</strong></span> <span class='ocrx_word' id='word_1_252' title='bbox 1264 2421 1387 2446; x_wconf 86' lang='lat' dir='ltr'><strong>omnes</strong></span> 
     </span>
     <span class='ocr_line' id='line_1_41' title="bbox 576 2466 1284 2523; baseline 0 -19"><span class='ocrx_word' id='word_1_253' title='bbox 576 2466 662 2504; x_wconf 83' lang='grc'>765·</span> <span class='ocrx_word' id='word_1_254' title='bbox 686 2466 821 2503; x_wconf 77' lang='lat' dir='ltr'><strong>formas</strong></span> <span class='ocrx_word' id='word_1_255' title='bbox 843 2467 933 2504; x_wconf 86' lang='lat' dir='ltr'><strong>deus</strong></span> <span class='ocrx_word' id='word_1_256' title='bbox 935 2469 1065 2523; x_wconf 80' lang='lat' dir='ltr'><strong>aptus</strong></span> <span class='ocrx_word' id='word_1_257' title='bbox 1089 2468 1126 2503; x_wconf 90' lang='lat' dir='ltr'><strong>in</strong></span> <span class='ocrx_word' id='word_1_258' title='bbox 1150 2479 1284 2505; x_wconf 87' lang='lat' dir='ltr'><strong>omnes.</strong></span> 
     </span>
     <span class='ocr_line' id='line_1_42' title="bbox 402 2521 1768 2562; baseline 0.001 -3"><span class='ocrx_word' id='word_1_259' title='bbox 402 2521 473 2559; x_wconf 85' lang='lat' dir='ltr'><strong>Sed</strong></span> <span class='ocrx_word' id='word_1_260' title='bbox 490 2523 599 2560; x_wconf 69' lang='lat' dir='ltr'><strong>etiam</strong></span> <span class='ocrx_word' id='word_1_261' title='bbox 614 2523 695 2560; x_wconf 74' lang='lat' dir='ltr'><strong>aliis</strong></span> <span class='ocrx_word' id='word_1_262' title='bbox 713 2523 801 2560; x_wconf 87' lang='lat' dir='ltr'><strong>locis</strong></span> <span class='ocrx_word' id='word_1_263' title='bbox 816 2524 965 2561; x_wconf 83' lang='lat' dir='ltr'><strong>Ovidius</strong></span> <span class='ocrx_word' id='word_1_264' title='bbox 982 2524 1029 2561; x_wconf 73' lang='lat' dir='ltr'><strong>ad</strong></span> <span class='ocrx_word' id='word_1_265' title='bbox 1045 2524 1153 2561; x_wconf 87' lang='lat' dir='ltr'><strong>buius</strong></span> <span class='ocrx_word' id='word_1_266' title='bbox 1169 2524 1336 2561; x_wconf 77' lang='lat' dir='ltr'><strong>caminis</strong></span> <span class='ocrx_word' id='word_1_267' title='bbox 1356 2535 1550 2561; x_wconf 85' lang='lat' dir='ltr'><strong>sermonem</strong></span> <span class='ocrx_word' id='word_1_268' title='bbox 1571 2525 1768 2562; x_wconf 75' lang='lat' dir='ltr'><strong>accessisse</strong></span> 
     </span>
     <span class='ocr_line' id='line_1_43' title="bbox 213 2572 556 2630; baseline 0.012 -18"><span class='ocrx_word' id='word_1_269' title='bbox 213 2622 221 2630; x_wconf 44' lang='lat'><strong>·</strong></span> <span class='ocrx_word' id='word_1_270' title='bbox 251 2572 417 2623; x_wconf 49' lang='lat' dir='ltr'><strong>&#39;videtum</strong></span> <span class='ocrx_word' id='word_1_271' title='bbox 440 2580 556 2616; x_wconf 84' lang='lat' dir='ltr'><strong>volut:</strong></span> 
     </span>
     <span class='ocr_line' id='line_1_44' title="bbox 529 2635 1658 2683; baseline 0.003 -10"><span class='ocrx_word' id='word_1_272' title='bbox 529 2636 586 2673; x_wconf 86' lang='lat' dir='ltr'><strong>Pr.</strong></span> <span class='ocrx_word' id='word_1_273' title='bbox 604 2639 667 2677; x_wconf 81' lang='lat'><strong>19:</strong></span> <span class='ocrx_word' id='word_1_274' title='bbox 691 2638 845 2675; x_wconf 79' lang='lat' dir='ltr'><strong>mendax</strong></span> <span class='ocrx_word' id='word_1_275' title='bbox 870 2635 968 2675; x_wconf 61' lang='lat' dir='ltr'><strong>falma</strong></span> <span class='ocrx_word' id='word_1_276' title='bbox 990 2649 1111 2682; x_wconf 60' lang='lat' dir='ltr'><strong>noces,</strong></span> <span class='ocrx_word' id='word_1_277' title='bbox 1133 2638 1227 2675; x_wconf 75' lang='lat' dir='ltr'><strong>alius</strong></span> <span class='ocrx_word' id='word_1_278' title='bbox 1250 2638 1338 2675; x_wconf 90' lang='lat' dir='ltr'><strong>mihi</strong></span> <span class='ocrx_word' id='word_1_279' title='bbox 1362 2639 1515 2676; x_wconf 86' lang='lat' dir='ltr'><strong>nominis</strong></span> <span class='ocrx_word' id='word_1_280' title='bbox 1539 2639 1658 2683; x_wconf 84' lang='lat' dir='ltr'><strong>index,</strong></span> 
     </span>
     <span class='ocr_line' id='line_1_45' title="bbox 596 2694 1410 2746; baseline 0.001 -15"><span class='ocrx_word' id='word_1_281' title='bbox 596 2719 603 2725; x_wconf 72' lang='grc'><em>»</em></span> <span class='ocrx_word' id='word_1_282' title='bbox 658 2743 662 2746; x_wconf 8' lang='grc' dir='ltr'>ἢ</span> <span class='ocrx_word' id='word_1_283' title='bbox 688 2694 734 2731; x_wconf 85' lang='lat' dir='ltr'><strong>de</strong></span> <span class='ocrx_word' id='word_1_284' title='bbox 757 2705 797 2732; x_wconf 83' lang='lat' dir='ltr'><strong>se</strong></span> <span class='ocrx_word' id='word_1_285' title='bbox 821 2695 982 2732; x_wconf 73' lang='lat' dir='ltr'><strong>narranti</strong></span> <span class='ocrx_word' id='word_1_286' title='bbox 1006 2697 1046 2732; x_wconf 91' lang='lat' dir='ltr'><strong>tu</strong></span> <span class='ocrx_word' id='word_1_287' title='bbox 1069 2695 1177 2732; x_wconf 84' lang='lat' dir='ltr'><strong>modo</strong></span> <span class='ocrx_word' id='word_1_288' title='bbox 1202 2695 1308 2733; x_wconf 85' lang='lat' dir='ltr'><strong>crede</strong></span> <span class='ocrx_word' id='word_1_289' title='bbox 1330 2695 1410 2732; x_wconf 83' lang='lat' dir='ltr'><strong>deo.</strong></span> 
     </span>
    </p>
   </div>
  </div>
 </body>
</html>
