1945 3041
819 216 1102 262 „20-

344 344 409 387 De
439 342 591 387 eodem
620 343 835 402 Lycmone
866 342 1033 399 videtur
1070 357 1196 398 agere
1226 342 1471 405 Propertius
1502 344 1618 400 v.-1‚
1638 343 1715 391 29:
1769 342 1781 361 ¹

208 416 377 472 „prima
411 413 616 467 galeritus
651 413 792 469 posuit
828 414 1045 468 praetoria
1080 413 1312 469 Lycmon“,
1349 407 1550 468 quoniam
1587 421 1716 471 poeta
1765 468 1767 471 Ι

207 497 304 526 euin
335 496 475 526 rerum
504 486 720 535 gestarum
749 480 943 524 ordinem
973 486 1142 524 secutus
1175 487 1274 533 ante
1295 479 1463 525 Tatium
1493 481 1656 534 laudat.

344 550 472 593 Illam
502 554 690 593 statuam
720 548 789 591 dei
822 553 922 592 ante
953 547 1117 592 Numae
1149 563 1326 604 regnum
1356 549 1546 593 nondum
1584 553 1727 609 exsti--

207 622 322 673 fisse,
354 618 599 675 Propertius
620 616 901 660 Vertumnum
932 618 1071 674 ipsum
1102 623 1351 662 narrantem
1380 618 1508 662 facit:

320 686 394 730 592
427 687 559 742 stipes
591 699 771 729 acernus
802 700 934 740 eram,
965 688 1213 742 properanti
1245 687 1356 729 falce
1387 687 1571 740 dolatus,

427 759 526 798 ante
557 751 743 797 Numam
773 758 898 808 grata
929 768 1093 811 pauper
1122 755 1166 797 in
1198 755 1311 816 urbe
1332 754 1449 798 deus.

205 822 426 867 Consentit
472 828 601 879 poeta
650 836 746 864 cum
789 821 976 877 Tibullo,
1022 837 1147 878 quem
1189 825 1232 866 111
1270 823 1417 868 eodem
1469 823 1625 866 iudicio
1663 824 1715 866 de

205 899 344 936 vetere
376 891 552 934 deorum
583 890 699 935 cultu
730 897 944 935 versatum
975 906 1065 935 esse
1097 892 1236 935 elucet
1266 906 1319 936 cx
1350 892 1382 935 Ι.
1406 891 1473 946 10,
1497 890 1569 935 17:

364 975 445 1003 neu
477 959 638 1016 pudeat
668 961 808 1016 priseo
840 973 914 1003 vos
944 974 1035 1004 esse
1067 975 1090 1003 e
1110 963 1265 1018 stipite
1297 962 1452 1005 factos:

364 1031 423 1072 sic
454 1030 609 1071 veteris
640 1027 763 1071 sedes
795 1029 1031 1072 incoluistis
1063 1031 1144 1073 avi.

361 1103 453 1141 tum
482 1097 633 1140 melius
663 1102 837 1140 tenuere
868 1097 1009 1152 fidem,
1041 1112 1138 1141 cum
1169 1112 1355 1156 paupere
1388 1099 1502 1142 cultu

363 1166 508 1209 stabat
537 1167 582 1208 in
613 1167 770 1220 exigua
799 1166 965 1220 ligneus
997 1167 1102 1209 aede
1134 1167 1237 1210 deus
1252 1167 1295 1222 ¹).

341 1235 488 1300 :aliter
504 1233 557 1277 de
553 1239 755 1312 yeterum
772 1234 896 1278 rebus
913 1234 1066 1278 (livinis
1082 1235 1472 1279 traditPlutarehus
1479 1234 1618 1280 Numa
1627 1234 1712 1278 c.8:

205 1304 298 1347 οὐδ’
329 1301 387 1362 ἦν
416 1304 519 1358 παρ’
558 1301 701 1352 αὐτοῖς
736 1299 837 1347 οὔτε
865 1303 1054 1358 γραπτὸν
1090 1300 1190 1347 οὔτε
1227 1302 1422 1347 πλαστὸν
1453 1295 1570 1353 εἶδος
1598 1304 1715 1347 θεοῦ

205 1371 437 1427 πρότερον,
463 1371 558 1416 ἀλλ’
582 1370 735 1415 ἑκατὸν
757 1370 804 1414 ἐν
827 1370 1122 1430 ἐβδομήκοντα
1136 1378 1223 1422 τοῖς
1242 1372 1429 1429 πρώτοις
1451 1371 1563 1415 ἔτεσι
1583 1371 1715 1421 ναούς

204 1438 287 1495 μὲν
335 1437 699 1495 οἶκοδομούμενοι
749 1440 821 1482 καὶ
865 1439 1073 1490 καλιάδας
1124 1439 1243 1496 ἱεροῖς
1294 1439 1500 1494 ἱστάντες,
1544 1439 1714 1496 ἄγαλμα

207 1507 383 1551 δὀιῖδὲν
415 1508 641 1565 ἔμμορφον
671 1507 933 1564 ποιούμενοι
964 1510 1196 1553 διετέλουν.

344 1578 549 1621 Attamen
573 1577 685 1633 quod
706 1584 834 1634 poeta
856 1578 1042 1631 exhibet,
1064 1584 1249 1622 statuam
1267 1593 1447 1628 aeneam
1464 1593 1490 1622 a
1506 1579 1713 1621 Mamurio

205 1662 255 1689 ex
280 1660 377 1689 aere
400 1646 573 1690 ductam
606 1660 710 1699 esse,
744 1652 855 1689 certe
889 1646 1107 1690 confinxit.
1156 1647 1234 1690 llic
1266 1649 1393 1702 enim,
1416 1648 1534 1690 cuins
1556 1660 1709 1690 nomen

204 1716 402 1758 omnibus
434 1721 581 1758 notum
613 1720 706 1758 erat
736 1715 789 1757 ob
813 1716 973 1758 ancilia
993 1715 1111 1758 Salia.
1143 1716 1197 1758 ab
1229 1730 1278 1757 eo
1310 1717 1518 1770 confecta,
1550 1715 1601 1758 «lc
1624 1717 1714 1770 qui·

206 1785 284 1826 bus
314 1784 442 1827 refert
469 1783 621 1826 Festus
648 1798 689 1840 p.
718 1782 847 1838 131²)
878 1785 996 1839 quasi
1036 1785 1257 1841 exemplar
1294 1790 1481 1827 veterum
1503 1783 1713 1827 artificum

206 1853 457 1895 habebatur.

342 1922 560 1982 Hactenus
592 1920 644 1962 dc
675 1922 837 1973 origine.
869 1920 937 1963 (lei
974 1922 1144 1976 eiusque
1173 1921 1403 1974 simulacri,
1435 1935 1562 1976 quam
1583 1926 1713 1978 poeta

205 1991 327 2034 initio
359 1996 401 2034 et
432 1990 515 2032 fine
547 1990 749 2033 carminis
779 1991 974 2047 exponit3
1013 2004 1126 2032 nunc
1163 1991 1285 2033 venio
1318 1990 1373 2033 ad
1404 2004 1500 2034 cam
1531 1995 1713 2047 partem,

205 2073 290 2110 qua
320 2059 504 2102 nominis
535 2058 813 2114 veriloquium
844 2059 1044 2102 illustrat.

340 2129 478 2183 Atque
500 2127 710 2183 Propertii
731 2128 900 2182 quidem
923 2128 1199 2185 temporibus,
1232 2142 1305 2170 cur
1333 2127 1436 2171 deus
1457 2127 1714 2171 Vertumnus

202 2196 451 2253 appellatus
483 2200 608 2247 esset,
640 2200 725 2238 tres
757 2210 912 2239 causac
934 2197 1195 2249 ferebantur,
1226 2210 1403 2251 quarum
1425 2211 1512 2240 una
1532 2197 1715 2253 repetita

201 2271 266 2308 est
304 2279 331 2308 a
366 2265 481 2318 loco,
529 2278 654 2319 quem
698 2265 921 2308 obtinebat
965 2266 1133 2318 signum
1168 2264 1403 2308 Vertumni.
1470 2263 1581 2307 Nam
1617 2278 1714 2307 cum

201 2334 500 2389 antiquissima
517 2337 660 2376 aetate
678 2347 754 2389 per
773 2333 1016 2387 Velabrum,
1037 2332 1149 2393 quod
1170 2333 1309 2375 vicum
1325 2332 1504 2376 Tuscum
1528 2333 1712 2387 attinge-

201 2402 296 2455 bat,
335 2400 500 2444 Tiberis
538 2401 677 2444 amnis
715 2399 884 2455 flueret,
924 2405 1075 2458 postea
1105 2391 1436 2444 auternflumen
1466 2404 1712 2455 verteretur,

203 2470 460 2513 Vertumnus
492 2484 519 2512 3
548 2468 725 2512 flumine
757 2483 876 2513 verso
909 2483 1062 2513 nomen
1093 2484 1213 2512 suum
1244 2471 1475 2528 sumpsisse
1508 2469 1711 2513 credeba-

202 2545 281 2582 tur.
345 2539 493 2594 Itaque
524 2538 770 2596 Propertius
801 2539 851 2583 V.
874 2538 914 2594 2,
937 2537 963 2582 7
996 2545 1243 2583 narrantem
1274 2539 1402 2584 deum
1433 2540 1555 2583 facit:

341 2664 368 2707 ¹)
393 2662 439 2697 cf.
458 2661 584 2700 Horat.
603 2662 678 2700 Sat.
696 2662 722 2700 1.
740 2665 772 2706 8,
793 2664 831 2698 1:
857 2662 948 2698 Olim
974 2666 1122 2699 truncus
1141 2674 1236 2699 eram
1253 2663 1404 2699 ficulnus
1424 2663 1548 2699 inutile
1565 2663 1710 2710 lignum.

338 2721 366 2760 ἵ,
392 2720 437 2756 ct'.
463 2719 579 2753 0111111
606 2719 703 2754 Fast.
731 2719 791 2754 ΙΙΙ.
816 2720 989 2757 337-92.
