1945 3041
842 213 1126 261 —17-

233 345 472 397 habuerunt
506 348 548 387 et
577 342 901 387 fundamentum
931 343 1081 397 omniS‚
1112 354 1222 397 quae
1253 343 1438 399 pertinet
1468 343 1525 388 ad
1556 358 1622 387 res
1652 344 1736 387 Ro-

172 420 175 425 “
222 425 398 469 manas,
415 409 636 473 doctrinae
653 411 840 473 fuerunt3
857 412 1043 455 maxime
1060 415 1204 454 autem
1219 412 1443 466 scriptores
1457 411 1737 457 ecclesiastici

235 495 331 525 eum
366 480 487 536 quasi
523 481 660 524 instar
694 481 887 524 cuiusvis
917 480 1121 524 scientiae
1151 481 1343 523 venerati
1371 480 1576 524 Varronis
1606 481 1737 525 libros

202 550 562 604 exscripserunt.
612 548 733 600 Quod
752 553 988 604 opportune
1009 549 1171 591 factum
1189 553 1273 602 est3
1305 562 1406 592 nam
1421 563 1518 592 cum
1535 549 1737 593 Varronis

234 617 440 662 librorum
459 617 630 673 plurimi
652 622 795 662 aetate
810 618 1027 672 perierint,
1058 616 1144 660 illis
1165 617 1284 672 locis,
1306 618 1458 672 quibus
1478 619 1733 672 posteriores

222 686 462 743 ¹scriptores
501 699 599 729 cum
634 678 855 743 Propertio
890 687 1205 730 consentientes
1235 685 1427 730 Varrone
1464 691 1637 731 auctore
1673 689 1738 731 usi

235 759 353 809 sunt,
397 755 529 799 etiam
565 755 832 810 Propertium
867 769 893 797 a
929 754 1121 799 Varrone
1165 754 1350 810 pendere
1395 755 1485 798 iure
1530 755 1737 810 colligen-

236 821 338 866 dum
368 828 446 866 est.

377 891 571 947 Maioris,
618 904 747 947 quam
788 892 928 937 adhuc
965 894 1181 948 cognitum
1216 898 1294 947 est,
1325 893 1524 948 ponderis
1553 893 1597 937 T.
1629 894 1737 938 Livii

240 960 295 1004 ab
328 960 432 1004 urbe
463 960 638 1005 condita
667 962 766 1005 libri
795 961 850 1005 ad
872 961 1042 1005 fabulas
1067 961 1345 1006 illustrandas
1364 961 1562 1006 videntur
1589 963 1736 1026 fuisse3

228 1043 337 1076 rcum
367 1030 482 1073 enim
512 1031 674 1087 priores
703 1029 802 1073 libri
838 1031 921 1087 ipsi
950 1030 1158 1073 rhetorice
1194 1035 1236 1074 et
1271 1032 1437 1088 poetice
1468 1033 1663 1076 exornati
1693 1033 1737 1074 in

238 1098 396 1142 fabulis
417 1100 602 1155 antiquis
631 1104 862 1153 versentur,
892 1098 985 1142 fieri
1014 1110 1100 1142 non
1131 1100 1287 1157 potuit,
1318 1100 1418 1155 quin
1449 1104 1601 1156 poetas
1615 1099 1661 1155 ¹),
1691 1106 1738 1143 ut
1796 1122 1801 1125 -

238 1180 312 1211 eas
346 1167 536 1212 versibus
573 1168 880 1225 exprimerent,
916 1180 1003 1211 non
1039 1168 1176 1211 solum
1212 1169 1459 1223 incitarent,
1497 1168 1573 1212 sed
1608 1170 1740 1212 etiam

238 1236 300 1279 eis
329 1235 709 1294 locupletissimam
739 1237 909 1294 copiam
938 1235 1150 1282 offerrent.

375 1304 432 1348 Id‘
455 1319 558 1350 sane
589 1318 674 1349 non
705 1305 946 1349 mirandum
975 1311 1059 1360 est,
1090 1306 1358 1363 Propertium
1387 1308 1636 1363 saepissime
1667 1320 1738 1351 eos

239 1379 389 1431 poetas
408 1375 624 1419 imitatum
653 1389 759 1430 esse,
789 1387 966 1431 quorum
996 1375 1258 1432 exemplum,
1289 1379 1336 1419 ut
1365 1376 1532 1432 patriae
1562 1377 1738 1419 serviret

239 1445 492 1499 antiquitate
507 1443 814 1501 praedicanda,
833 1443 889 1486 ad
897 1444 1253 1500 eumpertinuisse
1262 1443 1738 1500 persuasumhabemus,

240 1511 477 1567 Vergilium
506 1518 548 1556 et
578 1511 804 1557 Tibullum.
1228 1532 1234 1535 ’

373 1580 534 1632 Quibus
564 1581 759 1624 omnibus
789 1586 996 1637 quantum
1015 1580 1171 1624 debeat
1191 1580 1435 1637 Propertius
1462 1594 1575 1624 nunc
1595 1580 1741 1624 videa-

240 1662 345 1693 mus.
406 1649 718 1707 Disputationis
748 1649 941 1693 ordinem
970 1650 1033 1694 ita
1061 1650 1296 1702 instituam,
1327 1654 1373 1693 ut
1401 1650 1445 1693 in
1476 1648 1740 1705 unumquod-

240 1731 321 1774 que
341 1732 514 1763 carmen
536 1720 752 1776 inquirens
772 1719 888 1777 prius
908 1719 952 1762 in
973 1719 1215 1762 universum
1234 1718 1287 1762 (le
1308 1725 1557 1773 argumento
1577 1719 1741 1774 loquar,

239 1793 329 1831 tum
371 1787 549 1843 singula‘
582 1787 869 1846 persequar2).
928 1787 1066 1839 Quare
1111 1802 1208 1831 cum
1252 1801 1424 1831 carmen
1470 1789 1652 1845 primum
1696 1788 1741 1830 in

239 1858 509 1901 enarratione
539 1857 803 1912 singularum
840 1870 978 1901 rerum
1013 1858 1197 1914 positum
1233 1857 1307 1911 sit,
1350 1855 1403 1900 de
1440 1868 1490 1900 eo
1528 1862 1741 1913 postremo

239 1925 334 1969 loco
365 1939 491 1980 agere
520 1927 623 1970 mihi
652 1926 795 1969 liceat.

376 2063 407 2107 ι)
428 2061 548 2098 Etiam
563 2061 730 2098 Ovidium
747 2061 847 2096 Livio
865 2062 1012 2097 auctore
1028 2071 1133 2096 usum
1155 2070 1235 2096 esse
1259 2060 1295 2096 in
1320 2059 1534 2107 exponenda
1550 2058 1742 2096 Fabiorum

242 2118 345 2157 clade
373 2119 472 2165 (fut.
497 2119 540 2156 II.
567 2119 749 2158 195—242
772 2119 818 2155 cf.
843 2118 975 2156 c.J,iv.
1000 2119 1044 2155 ll.
1067 2119 1141 2166 49),
1171 2118 1315 2155 Romuli
1346 2117 1617 2154 consecratione
1639 2116 1740 2163 (fast.

130 2200 132 2202 -
164 2188 171 2193 ”
190 2168 195 2173 ”
243 2177 288 2215 11.
311 2177 497 2215 473—512
520 2188 551 2216 c.
568 2176 644 2212 Liv.
668 2176 697 2214 Ι.
714 2176 771 2220 16,
786 2177 834 2222 5),
859 2176 1127 2223 expugnatione
1143 2175 1340 2213 Gabiorum
1355 2177 1540 2222 morteque
1555 2173 1743 2210 Lucretiae

173 2256 179 2269 -,
243 2233 344 2280 (fast.
374 2234 418 2271 11.
448 2235 633 2273 686-852
666 2245 697 2270 c.
727 2233 803 2288 Li‘s·
833 2234 860 2272 1.
889 2234 1042 2281 53—59)
1078 2236 1175 2270 recte
1209 2232 1468 2270 demonstravit
1504 2230 1740 2268 Schenkelius

241 2289 464 2337 (zeitschrift
486 2292 511 2328 f.
524 2283 772 2329 <oestcrreich.¹
786 2285 957 2339 Gymnas.
984 2290 1075 2328 18⁶0
1097 2302 1132 2338 p.
1156 2291 1252 2336 401).

377 2348 412 2395 ²)
428 2348 653 2397 Quamquam
665 2347 972 2395 accommodatius
983 2347 1211 2384 essevidetnr
1222 2347 1269 2383 ad
1282 2346 1579 2394 persuadendum,
1592 2345 1746 2391 vestigia

158 2406 174 2439 ξ
243 2405 525 2454 uniuscuiusque
539 2405 699 2444 auctoris
715 2416 780 2453 per
794 2403 915 2442 omnia
929 2405 1090 2442 carmina.
1104 2405 1283 2452 persequi,
1307 2407 1427 2441 tamen
1450 2403 1544 2439 hanc
1567 2401 1742 2439 rationem

181 2473 185 2476 ¹
244 2461 567 2509 inhac'paucitate
590 2463 787 2500 carminum
808 2462 941 2499 multas
964 2461 1197 2499 difficultates
1223 2461 1366 2506 habere,
1390 2460 1497 2520 facile
1513 2458 1745 2505 intellegitur.
