1945 3041
852 174 1139 224 —19—

230 362 233 365 K
278 362 300 368 „
380 307 539 361 Quibus
573 306 770 358 omnibus
805 306 1059 350 testimoniis
1100 306 1346 362 compositis
1383 319 1479 349 cum
1520 307 1595 361 eis,
1639 321 1748 363 quae

213 376 220 416 ῑῖ
244 376 490 434 Ρὶορθηίιιε
519 373 765 432 praedicam

461 466 509 511 3:
540 466 698 511 Tuscus
727 472 879 522 egoet
908 466 1052 510 Tuscis
1081 467 1205 520 orior,
1237 479 1316 510 nec
1346 468 1538 523 paenitet
1567 469 1679 512 iuter

543 536 710 595 proelia
737 535 952 580 Volsinios
982 534 1217 580 deseruisse
1246 535 1362 580 focos

307 633 351 671 et
379 642 417 671 v.
440 625 516 671 49:
547 632 591 671 et
620 633 680 682 tu,
700 627 860 682 Roma,
890 628 996 671 meis
1025 627 1211 671 tribuisti
1240 628 1434 684 praemia
1464 627 1621 682 Tuscis,

542 696 654 740 uude
678 695 810 746 *hodie
838 697 955 739 vicus
987 696 1163 740 nomina
1191 696 1350 739 Tuscus
1380 695 1523 751 habet,

540 769 730 822 tempore
761 777 841 820 quo
872 765 998 808 sociis
1027 765 1144 807 venit
1172 763 1452 821 Lycomedius
1483 765 1612 808 armis

544 839 672 892 atque
701 832 863 878 Sabina
893 832 971 876 feri
1001 831 1194 876 contudit
1224 847 1345 877 arma
1373 831 1481 877 Tati.
1549 824 1551 827 ⁵

200 930 203 931 ’
249 925 319 973 vix
331 923 511 975 dubium
522 938 613 969 esse
628 929 781 982 potest,
796 926 898 981 quin
914 929 1042 982 poeta
1064 924 1142 968 has
1157 938 1223 969 res
1239 924 1428 968 scribens
1444 924 1501 968 ad
1511 924 1747 969 Varronem

251 994 528 1050 spectaverit,
560 995 659 1049 quin
691 995 821 1037 etiam
857 1007 952 1036 eum
983 1005 1154 1050 prorsus
1171 994 1450 1050 expresserit.
1510 993 1600 1036 Hoc
1632 999 1750 1037 ‘certe

251 1053 524 1107 statuendum
569 1068 651 1116 est3
704 1076 806 1106 nam
850 1061 903 1106 de
948 1060 1133 1106 adventu
1175 1061 1431 1106 Lucumonis
1474 1063 1664 1106 maxima
1706 1063 1749 1105 in

250 1130 513 1175 dissensione
544 1144 595 1174 ac
631 1132 838 1174 varietate
877 1131 1185 1174 sententiarum
1220 1135 1443 1174 versantur
1478 1135 1690 1185 auctores,
1727 1144 1750 1173 e

252 1198 404 1254 quibus
433 1199 684 1243 nominandi
715 1204 813 1243 sunt
840 1198 992 1243 Festus
1005 1198 1050 1254 ¹),
1079 1213 1204 1255 quem
1235 1198 1292 1242 ad
1321 1198 1516 1242 Verrium
1545 1198 1751 1242 Flaccum

252 1266 388 1310 redire
418 1268 529 1311 iuter
557 1279 705 1311 omnes
735 1272 921 1321 constat,
958 1267 1128 1311 Tacitus
1138 1266 1191 1323 ²),
1231 1266 1433 1311 Claudius
1461 1265 1748 1323 imperator²).

27 1271 42 1289 >

0 1317 37 1371 ἕξ(

0 1380 55 1469 Ξ,
389 1415 419 1459 ¹)
443 1413 572 1450 Festus
597 1425 632 1460 p.
648 1414 727 1451 355.
746 1413 801 1450 ed.
818 1413 962 1450 Miiller:
987 1413 1165 1456 „Tuscum
1188 1414 1305 1449 vicum
1329 1413 1437 1449 ceteri
1461 1413 1605 1460 quidem
1629 1424 1751 1449 omues

0 1467 56 1532 {s
73 1467 83 1507 .’,
252 1470 446 1517 scriptores
472 1471 607 1506 dictum
631 1471 734 1507 aiunt
758 1471 804 1507 ab
821 1471 865 1507 iis
882 1471 944 1517 qui
961 1470 1120 1507 Porsena
1138 1481 1220 1517 rege
1236 1470 1474 1506 descendente
1490 1470 1711 1516 [discedente
1719 1471 1751 1516 ⁴2]

12 1529 38 1547 ’Ὁ
91 1534 93 1539 ⁴
252 1527 299 1564 ab
323 1527 509 1564 obsidione
532 1538 553 1563 e
577 1527 704 1564 Tuscis
728 1527 962 1564 remanserint
985 1527 1121 1564 Romae
1145 1527 1297 1574 locoque
1312 1527 1370 1563 his
1387 1527 1474 1563 dato
1490 1526 1750 1570 habitaverint3

252 1587 317 1622 aut
340 1585 437 1632 qnod
461 1584 665 1622 Volcientes
689 1585 819 1622 fratres
844 1585 970 1622 Caeles
1003 1587 1041 1622 et
1064 1584 1225 1622 Vibenua
1257 1596 1349 1632 quos
1373 1584 1498 1621 dicunt
1522 1595 1639 1631 regem
1664 1585 1751 1622 'rar-

214 1666 217 1667 ⁷
254 1642 414 1689 quinium
445 1642 595 1679 Romam
625 1653 746 1679 secum
775 1642 929 1678 maxime
960 1642 1172 1685 adduxisse,
1203 1652 1283 1682 eum
1314 1641 1501 1682 coluerint.
1555 1641 1600 1678 M.
1627 1642 1752 1686 Varro,

253 1699 350 1746 quod
375 1710 419 1735 ex
443 1699 566 1736 Coelio
590 1700 627 1735 in
651 1710 731 1735 eum
755 1699 873 1735 locum
896 1699 996 1735 ducti
1020 1701 1138 1737 sunt“.

390 1756 469 1792 Non
493 1758 679 1803 praetereo
703 1755 865 1800 Paulum,
889 1755 987 1792 Festi
1007 1755 1107 1791 illum
1119 1747 1407 1802 epitomatorem,
1426 1756 1594 1792 Varronis
1610 1758 1752 1793 senten-

253 1813 342 1850 tiam
367 1813 412 1850 de
441 1813 504 1850 illo
534 1813 739 1850 Lucumone
769 1824 842 1849 non
873 1813 1053 1859 ignorare3
1089 1823 1198 1859 quam
1228 1812 1301 1849 alio
1333 1812 1412 1849 loco
1443 1814 1609 1860 repetivit
1638 1824 1671 1860 p.
1690 1815 1752 1851 44:

256 1870 420 1913 „Caelius
436 1881 539 1906 mons
555 1870 674 1906 dictus
690 1872 746 1906 est
762 1881 784 1905 a
800 1870 906 1906 Caele
922 1870 1079 1916 quodam
1095 1879 1139 1905 ex
1157 1869 1314 1914 Etruria,
1332 1870 1393 1916 qui
1410 1869 1563 1906 Romulo
1573 1870 1753 1906 *auxilium

299 1937 424 1964 versus
448 1927 602 1964 Sabinos
626 1927 802 1973 praebuit,
827 1937 870 1962 eo
894 1926 991 1973 quod
1015 1918 1058 1962 in*
1077 1936 1120 1962 eo
1144 1926 1364 1963 domicilium
1387 1927 1548 1963 habuit“.

384 1984 414 2029 θ)
427 1983 540 2019 Tacit.
555 1985 649 2023 Ann.
661 1983 719 2019 IV.
732 1984 795 2020 65:
806 1983 904 2018 haud
918 1983 1111 2019 absurdum
1132 1983 1239 2018 fuerit
1250 1983 1402 2027 tradere,
1420 1986 1577 2019 montem
1595 1994 1678 2019 eum
1689 2011 1698 2022 .

364 2051 400 2090 m
434 2039 687 2087 appellitatum
724 2051 748 2075 a
776 2039 884 2076 Caele
916 2039 1078 2076 Vibenna
1112 2039 1172 2086 qui
1210 2039 1285 2075 dux
1321 2040 1437 2086 gentis
1468 2040 1639 2076 Etruriae
1674 2050 1755 2075 cum

252 2097 426 2135 auxilium
447 2097 602 2142 tulisset,
627 2096 746 2134 sedem
770 2107 849 2133 eam
865 2099 1056 2144 acceperat
1075 2108 1098 2133 a
1113 2096 1309 2144 Tarquinio
1333 2097 1455 2134 Prisco
1480 2108 1543 2134 seu
1563 2097 1644 2144 quis
1662 2096 1755 2133 alius

251 2165 374 2202 regum
397 2155 513 2193 dedit:
539 2166 621 2192 nam
644 2155 840 2201 scriptores
854 2148 899 2190 “iu
924 2165 967 2191 eo
992 2154 1219 2199 dissentiunt.

387 2225 418 2269 ⁸)
453 2223 626 2260 Claudius
658 2223 717 2261 Or.
748 2223 792 2259 de
828 2222 1013 2259 Gallorum
1049 2222 1125 2258 iure
1158 2222 1326 2258 honorio:
1353 2249 1384 2265 ,,.
1398 2250 1408 2260 .
1421 2251 1430 2260 .
1445 2223 1543 2258 Caeli
1574 2223 1756 2270 quondam

253 2279 433 2316 Vivennae
475 2279 612 2317 sodalis
653 2279 882 2327 fidelissimus
917 2279 1103 2326 omnisque
1140 2278 1218 2330 eius
1247 2290 1355 2315 casus
1386 2290 1523 2323 comes,
1559 2282 1755 2326 postquam

183 2365 190 2367 Α
253 2336 355 2373 varia
376 2337 524 2373 fortuna
546 2339 697 2373 exactus
724 2348 805 2373 cum
834 2337 999 2373 omnibus
1030 2336 1179 2383 reliquis
1208 2336 1368 2372 Caeliani
1399 2334 1578 2373 exercitus
1609 2336 1756 2372 Etruria

199 2426 202 2429 ,
254 2390 420 2438 excessit,
443 2392 602 2431 montem
625 2394 788 2431 Caelium
811 2393 1004 2441 occupavit
1027 2395 1064 2429 et
1088 2404 1111 2430 a
1134 2393 1225 2429 duce
1249 2403 1315 2429 suo
1332 2392 1455 2430 Caelio
1479 2393 1533 2429 ita
1557 2392 1758 2440 apellitavit

143 2453 176 2480 ’ὃ
225 2492 227 2494 ,
254 2446 466 2505 mutatoque
488 2451 632 2488 nomine
656 2452 756 2498 [nam
779 2451 896 2488 Tusce
919 2451 1105 2488 Mastarna
1134 2450 1167 2487 ei
1195 2461 1324 2495 nomen
1348 2451 1440 2497 erat]
1473 2451 1525 2486 ita
1548 2449 1757 2496 appellatus

168 2540 171 2541 γ
253 2507 321 2556 est,
344 2508 387 2542 ut
409 2506 485 2544 dixi
514 2510 578 2554 (sc.
604 2508 747 2546 Servius
780 2507 933 2554 Tullius)
964 2510 1002 2545 et
1030 2518 1179 2554 reguum
1208 2518 1348 2544 summa
1377 2517 1458 2544 cnm
1486 2518 1515 2545 r.
1539 2518 1574 2554 p.
1598 2507 1760 2544 utilitate

225 2560 229 2562 ⁷
250 2547 447 2618 optinuit&
471 2564 772 2603 Gardthausenus
788 2565 952 2613 proximo
969 2568 1130 2612 tempore
1145 2566 1272 2602 contra
1287 2563 1521 2601 Niebuhrium
1548 2566 1585 2601 et
1614 2564 1756 2601 Schwe-

221 2629 223 2631 ·
253 2614 390 2671 glesum
412 2620 508 2658 hanc
530 2622 674 2660 Claudii
708 2622 924 2660 sententiam
958 2622 1093 2659 rectam
1128 2631 1208 2659 esse
1237 2622 1279 2658 ut
1309 2620 1571 2658 demonstraret
1605 2631 1751 2669 operam

228 2676 355 2735 dedit
378 2678 424 2717 cf.
448 2677 633 2717 Mastarna
655 2681 743 2742 oder
766 2681 910 2718 Servius
934 2680 1084 2724 Tullius,
1108 2679 1257 2726 Leipzig
1282 2679 1381 2716 1882.
1505 2725 1554 2764 2*
