1945 3041
858 220 1142 277 —46—

456 359 609 404 Cossus
641 363 686 404 at
714 353 948 414 insequitur
971 358 1165 403 Veientis
1196 358 1329 403 caede
1357 357 1565 419 Tolumni,

455 429 626 473 vincere
656 441 753 472 cum
782 427 911 472 Veios
942 440 1067 486 posse
1097 427 1277 472 laboris
1288 432 1393 472 erat
1480 429 1481 433 ’

247 496 387 553 Atque
423 502 470 541 ut
505 497 613 540 illud
642 488 809 541 facinus
829 497 947 540 Cossi
976 498 1115 552 magis
1145 497 1341 552 illustret,
1372 497 1501 541 Veios
1530 498 1632 552 illis
1647 473 1792 549 tems-s

250 565 439 623 poribus,
461 566 612 622 quibus
624 565 807 609 Romani
828 564 1016 609 nondum
1036 565 1152 609 ultra
1164 565 1349 609 Tiberim
1368 561 1580 624 progressi
1601 571 1763 625 essent,⁸

246 634 452 678 institutis
483 640 526 678 et
555 635 724 688 legibus
752 633 944 678 floruisse
976 632 1166 691 exponit,
1205 648 1282 679 sua
1313 626 1455 678 aetate
1484 635 1631 711 urbem
1663 634 1760 678 nul-
1790 667 1798 670 -

246 703 334 747 lam
365 716 476 748 esse.

385 770 461 814 27:
492 771 526 813 Ο
558 771 653 814 Veii
683 776 861 826 veteres,
892 778 935 814 et
964 781 1038 815 vos
1067 778 1155 814 tum
1189 785 1321 826 regna
1350 772 1487 815 fuistis
1518 783 1522 788 ·

493 844 537 883 et
565 845 704 884 vestro
734 841 877 897 posita
906 845 970 885 est
1001 855 1132 884 aurea
1160 840 1268 884 sella
1296 840 1405 884 foro:

493 922 607 951 nunc
637 910 753 952 intra
782 922 924 953 muros
955 911 1137 966 pastoris
1168 909 1325 952 bucina
1353 906 1458 952 lenti

495 982 646 1022 cantat
675 982 719 1022 et
748 978 793 1021 in
823 979 974 1022 vestris
1004 978 1168 1031 ossibus
1200 992 1303 1022 arva
1331 982 1508 1022 metunt.

246 1045 352 1087 Cum
385 1046 466 1088 hac
497 1046 784 1103 descriptione
807 1051 1061 1104 componere
1091 1047 1221 1090 liceat
1247 1046 1344 1090 illos
1364 1046 1652 1101 Vergilianos
1662 1047 1756 1091 ve'r-

245 1128 315 1158 sus
345 1115 618 1159 suavissimos
648 1113 725 1159 Ge.
758 1114 789 1158 Ι.
820 1112 1040 1159 493—97:

451 1184 617 1227 scilicet
646 1189 690 1227 et
719 1188 887 1241 tempus
916 1186 1072 1239 veniet,
1103 1198 1199 1227 eum
1230 1183 1385 1227 finibus
1415 1184 1501 1228 illis

451 1253 656 1307 agricola,
687 1254 860 1296 incurvo
890 1258 1048 1297 terram
1079 1253 1250 1296 molitus
1281 1258 1436 1308 aratro,

451 1334 581 1364 exesa
610 1322 798 1365 inveniet
829 1322 981 1365 scabra
1011 1322 1203 1376 robigine
1233 1321 1337 1378 pila,

452 1394 527 1432 aut
555 1390 756 1454 gravibus
787 1391 934 1433 rastris
964 1390 1113 1444 galeas
1143 1390 1335 1446 pulsabit
1363 1390 1518 1443 inanis,

449 1457 716 1515 grandiaque
745 1457 907 1502 effossis
937 1459 1163 1502 mirabitur
1193 1470 1290 1502 ossa
1320 1458 1906 1516 sepulcris.

381 1525 522 1582 Atque
552 1527 631 1570 illa
649 1526 852 1571 Veiorum
884 1527 1170 1584 descriptione
1201 1528 1438 1583 praemissa
1467 1532 1596 1585 poeta
1624 1506 1753 1571 refert
1790 1532 1802 1578 ,’
1894 1528 1945 1569 ³3⁵

243 1594 297 1638 de
343 1604 491 1652 pugna
535 1597 648 1639 inter
691 1595 867 1640 Cossum
914 1601 956 1639 et
1000 1595 1268 1640 Tolumnium
1311 1597 1538 1639 commissa
1582 1607 1753 1655 prorsus
1901 1585 1945 1643 ’ἷζε

244 1662 412 1707 diverse
449 1664 504 1706 ab
543 1664 640 1707 aliis
677 1664 1016 1721 scriptoribus;¹)
1054 1669 1200 1708 narrat
1237 1665 1351 1708 enim
1387 1663 1563 1708 Cossum
1587 1660 1750 1717 ducem
1911 1657 1915 1664 ’

244 1732 429 1775 hostium
460 1732 516 1776 ad
554 1738 771 1777 certamen
807 1733 1023 1786 singulare
1060 1745 1327 1789 provocasse.
1386 1732 1506 1783 Quod
1543 1733 1671 1787 igitur
1704 1733 1749 1775 in

243 1814 389 1857 pugna
424 1800 594 1843 Romuli
630 1800 847 1845 narranda
883 1802 1043 1855 omisit,
1080 1801 1125 1843 id
1161 1800 1218 1844 ad
1254 1801 1463 1858 proelium
1499 1801 1617 1844 Cossi
1653 1814 1768 1849 eum,
1839 1840 1851 1855 ,,

242 1868 511 1912 transtulisse
557 1868 853 1912 coniciendum
898 1874 974 1912 est.
1041 1869 1131 1912 Hoc
1177 1874 1320 1912 autem
1366 1874 1527 1913 certum
1571 1868 1771 1924 videtur‚'

244 1942 398 1994 poetae
428 1937 561 1980 verba
1884 1925 1889 1932 ¹

409 2004 484 2049 37:
1065 2006 1239 2051 desecta
1268 2006 1462 2049 Tolumni

519 2076 661 2119 cervix
693 2075 1145 2130 Romanossanguine
1176 2076 1282 2119 lavit
1311 2087 1440 2131 equos
1476 2096 1479 2100 ·

378 2256 408 2300 ι)
426 2255 547 2290 Livius
560 2255 674 2290 tradit
687 2254 744 2291 lV.
760 2255 813 2297 19,
826 2256 883 2290 2-
895 2257 934 2291 5:
953 2256 1124 2302 (Cossus)
1138 2266 1219 2291 cum
1233 2256 1278 2291 ad
1293 2256 1464 2302 impetum
1472 2254 1649 2290 Tolumnii
1663 2248 1751 2300 qua·
1853 2289 1855 2299 ἶ
1877 2248 1943 2281 θ’(

241 2322 384 2358 cunque
407 2322 446 2347 se
471 2312 685 2349 intendisset
714 2312 930 2359 trepidantis
961 2313 1144 2350 Romanas
1175 2313 1312 2349 videret
1342 2315 1479 2349 turmas
1508 2311 1753 2358 insignemque
1788 2341 1793 2353 ⁸.
1817 2329 1830 2346 .·
1852 2303 1943 2363 {sas

241 2379 322 2404 eum
353 2369 453 2415 regio
484 2369 610 2406 habitu
642 2369 852 2405 volitantem
882 2372 963 2406 tota
993 2370 1069 2406 acie
1094 2373 1303 2417 cognosset,
1337 2370 1476 2413 ..hicine
1506 2371 1595 2413 est“,
1625 2368 1752 2415 inquit,

243 2428 392 2473 „ruptor
416 2427 573 2463 foederis
597 2427 743 2463 humani
771 2426 995 2481 violatorque
1019 2428 1176 2474 gentium
1204 2428 1315 2464 iuris?
1340 2427 1420 2464 Jam
1445 2438 1512 2474 ego
1536 2426 1630 2463 hane
1656 2434 1752 2462 mac-

240 2485 354 2519 tatam
380 2484 572 2528 victimam,
598 2484 627 2520 si
654 2483 760 2520 modo
777 2484 892 2520 sancti
919 2484 1111 2531 quicquam
1137 2485 1172 2521 in
1196 2486 1301 2521 terris
1326 2496 1405 2522 esse
1429 2485 1478 2521 dii
1496 2484 1631 2527 volunt,
1657 2483 1753 2530 lega·
1779 2504 1783 2509 -

240 2542 358 2576 torum
382 2541 549 2577 manibus
574 2541 703 2577 dabo&
740 2541 949 2577 Calcaribus
967 2541 1121 2577 subditis
1140 2542 1271 2578 infesta
1288 2542 1464 2589 cuspide
1454 2552 1490 2577 in
1507 2551 1617 2577 unum
1641 2539 1755 2577 sertui·
1776 2550 1781 2586 ζ

240 2597 392 2637 hostem.
418 2609 522 2646 quem
541 2609 622 2634 cum
638 2598 749 2635 ictum
766 2609 859 2645 equo
877 2599 1077 2643 deiecisset,
1103 2600 1292 2636 confestim
1317 2603 1354 2635 et
1378 2600 1455 2646 ipse
1479 2599 1587 2636 hasta
1610 2599 1761 2649 innixus

240 2665 280 2691 se
304 2655 340 2691 in
365 2656 477 2702 pedes
502 2656 665 2702 excepit;
696 2656 949 2702 adsurgentem
981 2656 1028 2692 ibi
1062 2667 1179 2703 regem
1210 2658 1362 2695 umbone
1394 2657 1608 2707 resupinat,
1622 2656 1767 2729 repeti·

240 2718 389 2760 tumque
413 2713 559 2760 saepius
584 2713 734 2761 cuspide
758 2713 803 2749 ad
830 2716 961 2755 terram
986 2713 1123 2752 adfixit.
