1945 3041
810 561 1067 624 VITA.

327 894 515 942 Mauritius
533 893 652 929 Tuerk
671 896 777 929 natus
795 905 874 930 sum
897 906 928 930 a.
946 895 980 930 d.
997 895 1055 932 IV.
1072 894 1148 933 Gal.
1168 895 1246 930 Mai.
1280 895 1404 930 Vilnae
1427 907 1459 930 a.
1485 895 1522 943 h²
1548 906 1577 930 s.
1601 894 1690 930 LIX.

189 960 312 998 Fidem
329 960 500 998 confiteor
515 960 705 998 iudaicam.
729 961 951 999 Mutantibus
965 962 1184 998 domicilium
1198 962 1406 1010 parentibus
1423 961 1538 1000 altero
1558 962 1693 1000 aetatis

188 1042 283 1067 anno
302 1032 589 1077 Lautenburgum
614 1033 767 1078 perveni,
780 1032 852 1068 .ubi
871 1032 991 1078 primis
1008 1032 1207 1066 litterarum
1223 1032 1408 1068 elementis
1430 1032 1587 1067 imbutus
1603 1042 1693 1067 sum.

56 1076 79 1134 {³
111 1114 119 1119 f
162 1099 267 1152 ἶΝοιι
297 1099 410 1147 multo
441 1102 525 1148 post
550 1100 758 1138 'rhox-unum
789 1100 971 1149 profectus
995 1100 1220 1149 gymnasium
1252 1101 1387 1149 regium
1412 1100 1646 1138 Thomnense
1669 1111 1693 1136 a

186 1173 290 1207 sexto
320 1171 368 1207 ad
397 1173 565 1218 quartum
594 1171 755 1207 ordinem
785 1171 1025 1218 frequentavi,
1061 1173 1139 1207 tum
1162 1171 1365 1208 Berolinum
1398 1171 1483 1207 sede
1506 1181 1549 1206 ae
1579 1170 1693 1206 domi-

173 1239 270 1291 eilio
293 1239 471 1277 translato
510 1240 734 1288 gymnasium
758 1240 980 1288 Sophianum
1005 1240 1094 1285 adii,
1119 1240 1180 1277 ubi
1205 1252 1228 1277 a
1251 1240 1382 1287 quibus
1406 1239 1593 1276 institutus
1618 1250 1696 1276 sum

191 1318 314 1344 omnes
349 1310 454 1354 grata
479 1309 649 1345 memoria
681 1308 766 1344 mihi
799 1308 968 1345 colendos
998 1309 1177 1355 profiteor.
1235 1308 1326 1345 Vere
1353 1320 1386 1345 a.
1416 1308 1592 1344 LXXVIH
1622 1319 1696 1344 ma.-

191 1360 365 1412 turitatis³⁴
398 1377 603 1412 testimonio
652 1376 848 1412 instructus
896 1376 1032 1412 civibus
1072 1376 1324 1412 Universitatis
1365 1376 1568 1412 Fridericae
1609 1376 1696 1412 Gui-

192 1444 318 1481 lelmae
340 1444 580 1481 Berolinensis
614 1445 793 1491 ascriptus
824 1455 903 1480 sum
933 1446 1044 1491 atque
1074 1455 1138 1491 per
1161 1445 1273 1480 octies
1304 1456 1367 1481 sex
1394 1455 1533 1481 menses
1564 1443 1698 1480 scholis

191 1512 337 1548 interfui
366 1513 520 1549 virorum
548 1513 825 1550 clarissimorum
849 1513 1015 1557 Harms,
1040 1513 1255 1558 Huebner,
1283 1514 1532 1558 Kirchhoff,
1560 1514 1696 1550 Laza-

193 1573 285 1626 ruff,
308 1581 520 1626 Paulsen,
545 1582 729 1627 Robert,
755 1569 961 1627 Scherer,
986 1582 1173 1627 Vahlen,
1199 1582 1514 1627 Wattenbach,
1539 1581 1696 1618 Zeller.

193 1649 382 1686 Praeterea
412 1650 615 1688 Huebner
651 1653 687 1687 et
718 1651 961 1688 Kirohhoff
987 1651 1034 1687 ad
1059 1652 1232 1696 Graecas,
1269 1651 1441 1687 Vahlen
1472 1651 1518 1687 ad
1548 1650 1697 1687 Latinas

194 1719 469 1755 exercitationes
500 1720 650 1765 benigne
682 1719 818 1755 aditum
848 1719 935 1755 mihi
965 1720 1211 1766 permiserunt.
1260 1719 1397 1763 Quibus
1421 1719 1585 1755 omnibus
1617 1729 1696 1765 gra-

194 1787 266 1824 tias
289 1787 349 1823 hic
374 1798 442 1834 ago
473 1798 582 1835 quam
609 1789 792 1825 maximas.
851 1787 974 1835 Neque
1004 1788 1174 1825 minorem
1206 1788 1321 1825 habeo
1352 1788 1504 1835 gratiam
1527 1788 1698 1824 Eduardo

195 1856 357 1909 Hiller,
393 1856 588 1901 professori
624 1852 783 1900 Halensi,
820 1858 968 1902 propter
1004 1868 1175 1892 summam
1210 1857 1246 1891 in
1281 1868 1338 1892 me
1372 1857 1632 1892 humanitatem
1661 1859 1698 1892 et

10 1923 18 1931 ⁴
51 1910 63 1946 ἶ
150 1949 153 1953 -
195 1923 489 1964 benevolentiam.
