1945 3041
261 352 264 355 p
296 303 358 363 *j
380 316 525 348 versus
568 301 750 360 excepto
794 304 931 360 primo
975 307 1224 360 repetuntur
1253 302 1361 347 Aen
1383 302 1497 347 VIII
1518 300 1588 346 43.
1647 301 1770 345 Hanc

232 361 601 430 &narrationemv
637 369 811 415 exhibet
854 371 986 415 etiam
1021 370 1159 416 Varro
1195 369 1249 414 de
1282 371 1311 414 l.
1341 370 1371 414 1.
1402 371 1453 415 V.
1486 369 1586 414 144:
1633 368 1772 425 „Hinc

240 425 343 503 (uc.
367 439 566 496 Lavinio)
595 444 712 497 post
724 441 902 495 triginta
930 453 1067 484 annos
1095 439 1301 497 oppidum
1331 440 1511 484 alterum
1538 438 1769 482 conditum.

228 564 238 572 ἢ
260 506 392 563 Alba,
423 507 470 552 id
499 507 556 552 ab
585 520 659 552 sue
690 508 795 552 alba
823 509 1101 560 nominatum.
1147 508 1255 552 haec
1275 522 1299 551 e
1320 509 1418 552 navi
1439 508 1614 552 Aeneae
1645 518 1770 563 quom

247 570 446 641 Quot
463 576 689 621 Lavinium
718 578 898 632 triginta
926 578 1041 634 parit
1060 589 1224 634 porcos,
1254 591 1309 620 ex
1337 577 1419 620 hoc
1448 576 1643 633 prodigio
1664 580 1764 632 post

240 634 490 694 'lavinium
524 644 744 689 conditum
781 646 906 688 annis
942 645 1120 698 triginta
1155 644 1262 687 haec
1297 645 1398 687 urbs
1434 645 1552 687 facta
1587 648 1766 699 propter

234 769 244 776 ἡ
262 711 450 764 001οιοω
484 714 572 757 suis
601 717 645 757 et
677 712 761 756 loci
798 716 998 756 naturam
1024 711 1139 756 Alba
1167 712 1298 767 longa
1333 712 1476 756 dicta“
1521 716 1564 755 et
1598 712 1771 756 Servius

262 780 370 826 Aen.
398 781 432 825 Ι.
459 779 565 825 270:
605 781 842 837 „Ascanius
872 781 1031 825 Albam
1066 781 1257 825 condidit
1292 781 1454 824 dictam
1483 781 1676 835 Longam
1706 780 1769 823 ab

261 849 431 894 omine
460 849 614 906 albae
632 850 832 908 sporcae
861 854 1057 907 repertae
1075 850 1145 894 vel
1174 851 1258 894 situ
1288 850 1472 893 civitatis
1491 849 1559 892 vel
1588 849 1766 906 prolixi-

246 922 356 962 Ltate
385 917 547 962 collis“.
606 970 614 976 ,
1618 949 1623 956 -

378 1032 381 1035 ,
400 985 725 1032 Vetustissimae
748 987 909 1032 Romae
929 987 1205 1045 simplicitate
1225 986 1399 1044 depicta
1417 987 1480 1030 ita
1499 986 1612 1031 hanc
1631 991 1771 1030 totam

166 1113 175 1115 ‚⁷
266 1059 434 1112 partem
454 1054 700 1113 Propertius
729 1055 958 1111 concludit,
986 1060 1034 1099 ut
1062 1055 1170 1100 nihil
1188 1055 1394 1099 Romanis
1422 1056 1611 1112 patrium
1638 1055 1770 1099 fuisse

218 1130 225 1154 1
266 1122 385 1169 dieat
413 1125 498 1168 nisi
526 1136 694 1169 nomen.
705 1124 740 1181 ²)
1027 1134 1033 1140 ·

192 1250 195 1251 ⁷
247 1193 250 1197 ’
400 1192 596 1249 Sequitur
631 1193 770 1238 altera
807 1194 1009 1237 carminis
1044 1206 1145 1250 pars
1189 1207 1273 1249 qua
1316 1198 1445 1250 poeta
1488 1194 1640 1250 patriis
1676 1192 1767 1236 deis

173 1253 193 1285 7
267 1273 365 1304 cum
394 1260 543 1305 Troiae
573 1262 800 1318 penatibus
831 1263 1068 1305 coniunctis
1104 1266 1320 1318 posteram
1353 1260 1693 1316 magnitudinem
1721 1266 1766 1304 et

148 1385 164 1394 N
189 1330 192 1333 ’
240 1330 503 1386 κῙιοιειιιιίιιιιι
532 1334 577 1374 et
604 1330 785 1384 gloriam
815 1330 965 1388 populi
982 1330 1165 1374 Romani
1193 1342 1280 1373 non
1310 1329 1481 1386 quidem
1508 1334 1660 1384 ortam,
1692 1329 1768 1373 sed

265 1396 564 1448 confirmatam
601 1411 653 1441 ac
688 1399 899 1442 munitam
933 1412 1025 1442 esse
1070 1399 1257 1455 exponit.
1315 1397 1436 1449 Quod
1471 1403 1767 1453 argumentum

267 1478 365 1509 cum
393 1465 608 1520 Vergilius
645 1467 807 1524 primus
836 1466 1028 1510 Aeneide
1058 1467 1386 1510 conformaverit
1419 1481 1471 1510 ac
1506 1467 1766 1520 tractaverit,

266 1533 368 1593 inde
412 1535 513 1590 quin
557 1534 801 1593 Propertius
845 1536 1090 1593 sumpserit,
1134 1534 1322 1579 dubitari
1365 1547 1450 1578 non
1487 1539 1646 1592 potest3
1692 1533 1768 1579 sed

268 1614 356 1646 non
384 1603 524 1647 minus
554 1604 644 1647 eius
671 1605 814 1647 animo
836 1603 1142 1647 obversabatur
1160 1603 1317 1647 Tibulli
1337 1617 1509 1647 carmen
1539 1602 1592 1646 ΙΙ.
1614 1601 1655 1658 5,
1686 1616 1768 1659 quo

182 1670 209 1706 Σ
265 1670 327 1716 (10,
349 1671 515 1729 Sibylla
544 1672 685 1727 agitur
719 1674 1048 1730 praenuntiante
1077 1672 1270 1717 Aeneam
1314 1678 1358 1716 et
1386 1672 1534 1716 Troiae
1578 1671 1680 1716 deos
1722 1674 1767 1715 in

263 1738 439 1784 Italiam
483 1740 740 1785 adventuros
783 1755 888 1786 esse.
948 1741 1096 1797 Itaque
1133 1741 1244 1797 quod
1288 1741 1549 1799 Propertius,
1592 1746 1639 1784 ut
1680 1742 1767 1784 iam

270 1809 409 1864 initio,
439 1810 694 1866 praecipiat,
724 1810 825 1865 quid
853 1815 945 1853 tota
974 1815 1097 1867 parte
1126 1810 1242 1864 velit,
1273 1810 1480 1867 explicat:

183 1935 186 1938 ἢ
462 1878 544 1921 huc
574 1878 725 1921 melius
754 1878 995 1934 profugos
1025 1879 1190 1941 misisti,
1220 1878 1358 1932 Troia,
1389 1883 1568 1934 penates

183 1942 188 1947 '
263 1943 346 1988 hoc
387 1945 595 2002 imprimis
638 1945 694 1989 ad
722 1945 934 1989 Tibullum
969 1944 1254 1990 revocandum
1290 1959 1382 1990 esse
1427 1946 1564 2003 primo
1609 1944 1759 1988 obtutu

265 2017 426 2056 eertum
454 2013 632 2068 videtur,
662 2015 726 2057 ita
755 2013 1030 2057 scribentem:

409 2193 437 2244 ¹)
461 2191 570 2234 Nulla
591 2193 699 2233 huius
723 2193 867 2234 fabulae
890 2194 1030 2233 ratione
1053 2194 1179 2233 habita
1202 2194 1347 2239 disserit
1369 2195 1491 2233 Livius
1516 2195 1559 2232 de
1576 2195 1668 2232 Alba
1684 2195 1711 2233 I.
1727 2197 1767 2233 3:

267 2252 467 2292 „Ascanius
483 2271 528 2278 -
544 2262 675 2286 novam
698 2253 777 2296 ipse
801 2252 908 2286 aliam
932 2252 999 2286 sub
1014 2252 1156 2286 Albano
1179 2253 1300 2285 monte
1324 2251 1494 2293 condidit,
1520 2261 1613 2296 quae
1629 2250 1674 2286 ab
1691 2250 1764 2285 si'u

266 2308 453 2357 porrectae
475 2307 511 2347 in
536 2306 644 2347 dorso
669 2307 767 2347 urbis
791 2307 885 2348 Alba
908 2308 1033 2358 Longa
1056 2307 1251 2358 appellata.

153 2403 165 2430 ς
400 2379 432 2423 ⁸)
456 2379 503 2415 ef.
525 2378 639 2413 Varro
664 2378 709 2412 de
731 2378 755 2415 1.
770 2378 794 2412 l.
812 2378 904 2421 VIII,
929 2380 990 2415 18:
1016 2405 1032 2420 „
1053 2405 1062 2415 .
1079 2405 1089 2415 .
1106 2405 1115 2415 .
1132 2405 1142 2415 .
1158 2403 1168 2413 .
1193 2375 1245 2413 ab‘
1262 2377 1414 2412 Romulo
1428 2377 1558 2422 Roma,
1582 2379 1628 2414 ab
1654 2378 1768 2414 Roma
1816 2377 1833 2381 “

157 2430 196 2477 ’ζ’-
209 2458 217 2484 f
267 2432 484 2476 Romanus·.
522 2434 656 2474 Tamen
678 2434 839 2473 nonnulli
864 2434 1057 2474 offendisse
1072 2434 1238 2473 videntur
1260 2434 1297 2473 in
1321 2434 1391 2473 hoc
1414 2434 1629 2483 veriloqui03
1654 2433 1768 2475 Varro

190 2488 200 2493 ”
268 2493 361 2529 euim
383 2494 534 2539 exponit
557 2494 602 2529 de
625 2494 648 2531 l.
665 2493 691 2530 1.
705 2493 765 2536 lx,
788 2495 849 2530 50:
881 2494 943 2538 qui
966 2493 1108 2536 dicunt,
1133 2494 1230 2538 quod
1255 2493 1308 2527 sit
1326 2493 1373 2528 ab
1396 2493 1549 2527 Romulo
1573 2493 1706 2536 Roma,
1731 2496 1768 2528 et

270 2557 343 2593 non
373 2548 527 2587 Romula
562 2550 629 2587 etc.
676 2547 771 2586 Huic
806 2548 1010 2598 quaestioni
1043 2548 1240 2598 respondet
1261 2547 1410 2586 Paullus
1439 2560 1475 2597 p.
1498 2549 1584 2589 268:
1619 2549 1770 2588 Romun

269 2604 443 2645 Romulus
467 2608 513 2645 (le
536 2619 603 2644 suo
628 2609 768 2644 nomine
791 2608 999 2654 appellavit,
1023 2608 1088 2644 sed
1110 2608 1191 2643 ideo
1215 2608 1378 2650 Romam,
1408 2618 1481 2642 non
1505 2607 1704 2652 Romulam,
1727 2611 1769 2644 ut

268 2663 448 2712 ampliore
465 2658 634 2703 'vocabuli
659 2664 862 2712 significatu
886 2664 1115 2713 prosperiora
1137 2664 1278 2713 patriae
1300 2674 1388 2701 suae
1411 2664 1661 2705 ominaretur“.
