1945 3041
816 202 986 268 ..443
1043 248 1099 257 ..-

826 418 960 496 cap.
995 386 1085 480 iv.

595 530 672 613 'De
700 535 814 580 Jove
843 536 1073 581 Feretrio.
1133 535 1192 592 (c.
1213 536 1315 604 10.),

253 647 258 654 ’
341 638 568 684 Romulum
597 632 693 682 Jovi
713 637 904 681 Feretrio
934 637 1142 697 templum
1171 629 1423 692 condidisse,
1453 650 1534 693 quo
1565 638 1705 695 spolia

149 697 350 766 opima
393 706 437 749 in
483 700 703 750 aeternum
747 709 1115 761 conservarentur,
1153 706 1271 749 inter
1305 719 1452 751 omnes
1487 706 1703 756 Romanos

157 776 160 779 ’
199 775 444 829 constabat.
503 774 663 818 Tamen
700 787 836 830 neque
871 787 1003 818 causa
1039 779 1166 830 atque
1203 776 1319 830 origo
1356 775 1588 833 spoliorum
1623 789 1703 819 nec

198 846 265 890 'vis
302 849 345 889 et
381 844 594 889 sententia·
629 843 893 898 cognominis
924 842 1147 897 „Feretrii“
1183 856 1354 900 prorsus
1389 845 1433 887 in
1475 844 1701 901 propatulo

153 912 160 920 ‘
202 918 306 957 erat.
352 912 492 968 Atque
522 911 662 970 spolia
691 912 835 968 opima
865 924 916 954 ea
945 924 1050 966 esse,
1079 925 1188 967 quae
1208 910 1295 954 dux
1316 911 1414 955 duci
1434 910 1701 967 detraxisset,

183 970 440 1040 ,eommunis
469 982 612 1038 opinio
634 979 810 1023 ferebat.
861 979 911 1022 In
940 980 1051 1023 hanc
1081 982 1335 1024 sententiam
1356 980 1701 1036 loquitur-Livius

0 1056 26 1154 Ξ
203 1049 276 1094 IV.
298 1048 368 1105 20,
390 1048 436 1093 6:
464 1062 549 1102 „ea
584 1049 664 1091 rite
700 1048 844 1104 opima
879 1047 1018 1104 spolia
1052 1047 1282 1102 habentur,
1327 1061 1435 1104 quae
1471 1046 1558 1091 dux
1602 1046 1701 1092 duci

0 1151 48 1178 ᾗ
202 1115 424 1173 ᾶοπᾶὶζίῖ“.
485 1117 589 1160 Cum
634 1129 683 1160 eo
720 1117 965 1173 conspirare
1001 1115 1191 1160 videmus
1219 1116 1499 1170 ‚Plutarchum
1533 1116 1700 1160 Romul.

0 1178 30 1247 53,
44 1179 59 1219 Ϊ’
93 1195 95 1197 ’
198 1183 271 1231 vit.
294 1186 368 1231 16:
406 1183 642 1242 »αὐτουργῷ
677 1182 726 1227 δὲ
755 1184 971 1241 ἀριστείας
1000 1184 1214 1243 στρατηγῷ
1244 1183 1473 1242 στρατηγόν
1501 1183 1701 1229 ἀνελόντι

0 1252 51 1325 ZZZ-'¹⁸'
76 1263 80 1268 .

0 1331 16 1362 ι

1 1392 23 1412 *⁸

153 1312 157 1316 ὁ
183 1256 373 1299 ’δέδοται
396 1254 682 1310 καθιέρωσις
729 1252 942 1309 ὄπιμίων“
991 1258 1034 1297 et
1081 1253 1274 1298 Marcelli
1332 1255 1420 1297 vita
1464 1268 1500 1298 c.
1544 1253 1591 1297 8:
1652 1253 1702 1308 »ό

195 1326 343 1381 μέντοι
372 1321 513 1373 πολῦς
542 1313 666 1373 οὗτος
702 1321 926 1379 ἐπικρατεῖ
954 1320 1080 1378 λόγος
1114 1322 1173 1372 οἷς
1209 1321 1386 1366 ἐκείνων
1420 1321 1567 1378 μόνων
1601 1322 1699 1367 ὄπι-

195 1394 305 1448 μίων
334 1390 469 1437 ὄντων
498 1390 582 1436 ὅσα
610 1391 682 1434 καὶ
711 1389 992 1447 παρατάξεως
1020 1389 1157 1447 οὔσης
1183 1390 1256 1433 καὶ
1284 1391 1449 1446 πρῶτα,
1475 1391 1548 1434 καὶ
1578 1402 1698 1447 στρα-

80 1467 89 1484 “·
132 1491 136 1496 -
194 1456 336 1518 τηγοῐῖ
369 1459 598 1518 στρατηγόν
648 1457 914 1515 ἀνελόντος“.
986 1460 1131 1505 Etiam
1167 1459 1318 1504 Festus
1353 1460 1502 1504 Verrio
1538 1460 1698 1505 Flacco

0 1523 45 1589 ἓν
196 1536 370 1574 auctore
415 1530 472 1580 ad
517 1530 627 1573 hanc
672 1530 927 1588 sententiam
964 1530 1145 1572 accessit
1157 1529 1209 1583 ¹);
1245 1533 1390 1572 tamen
1434 1530 1576 1572 facere
1611 1541 1698 1585 non

12 1594 67 1655 ‘'J-'³-
150 1596 154 1600 '
194 1599 347 1655 potuit,
384 1599 485 1654 quin
516 1596 714 1655 proderet
743 1596 947 1640 Varronis
978 1596 1216 1642 doctrinam
1245 1610 1285 1654 p.
1310 1594 1410 1640 186:
1456 1596 1534 1651 „M.
1562 1597 1698 1641 Varro

21 1659 74 1717 Ξ
101 1676 103 1679 ’
137 1692 157 1711 x
196 1667 258 1711 ait
287 1667 433 1724 opima
462 1667 602 1723 spolia
632 1679 722 1710 esse
742 1667 884 1713 ,etiam
915 1667 950 1709 si
981 1662 1262 1722 manipularis
1292 1666 1413 1709 miles
1450 1665 1696 1720 detraxerit,

197 1733 428 1777 dummodo
459 1733 557 1777 duci
587 1734 806 1778 hostium“.
851 1733 985 1777 Addit
1016 1738 1171 1788 autem,
1201 1734 1308 1777 haec
1328 1733 1533 1778 eiusmodi
1559 1734 1698 1792 spolia

72 1800 85 1824 ³¹
140 1843 144 1848 .
201 1816 309 1857 „non
340 1803 395 1847 ad
426 1802 606 1846 Feretrii
636 1804 738 1859 poni
776 1802 961 1857 aedem,
982 1801 1225 1845 testimonio
1262 1816 1354 1846 esse
1390 1802 1522 1845 libros
1552 1802 1696 1846 Ponti-

158 1871 162 1874 ’
196 1870 360 1921 ficum“.
419 1870 578 1915 Tamen
622 1884 709 1914 non
753 1870 990 1927 putandum
1035 1875 1112 1926 est,
1156 1871 1338 1914 Varroni
1381 1872 1599 1926 vulgarem
1642 1871 1695 1915 de

70 1929 105 1969 ¹³³
132 1931 156 1989 ’,
180 1934 342 1997 ‘spoliis
372 1940 616 1997 opinionem
647 1941 839 1994 ignotam
858 1940 1000 1995 fuisse,
1031 1939 1106 1983 sed
1135 1954 1228 1984 eum
1261 1939 1315 1983 de
1345 1939 1508 1984 duobus
1538 1939 1695 1997 spolio-

73 2058 79 2072 ;
106 2053 113 2059 ,
192 2020 287 2052 rum
307 2009 533 2063 generibus
554 2008 801 2053 disseruisse
822 2008 1127 2066 suspicandum
1155 2013 1232 2052 est.
1277 2008 1521 2066 Propertius
1550 2013 1695 2053 autem

70 2073 79 2109 ἓ
173 2089 289 2120 cum
320 2077 521 2122 carminis
550 2077 765 2135 prooemio
795 2079 1060 2135 pronuntiat:

75 2142 84 2150 ⁸
221 2145 223 2147 ’
395 2144 518 2190 Nunc
551 2147 669 2190 ,Iovis
698 2148 902 2204 incipiam
932 2160 1083 2191 causas
1113 2147 1280 2204 aperire
1309 2145 1486 2201 Feretri,

164 2270 166 2273 y
384 2211 603 2270 'armaque
634 2214 687 2259 de
717 2214 932 2273 ducibus
961 2216 1100 2258 trina
1128 2220 1304 2271 recepta
1333 2215 1499 2258 tribus

151 2317 154 2320 .
185 2276 312 2326 'satis‘
329 2281 516 2326 dilucide
546 2282 772 2338 significat,
803 2296 848 2326 se
869 2282 925 2326 ad
951 2295 1023 2326 eos
1043 2282 1195 2337 redire,
1226 2284 1295 2339 qui
1325 2287 1492 2328 tantum
1523 2287 1586 2327 ter
1614 2282 1694 2328 illa

192 2345 331 2414 spolia
360 2356 487 2409 parta
516 2365 608 2396 esse
637 2352 834 2396 referunt.
847 2351 881 2408 ²)

193 2517 216 2554 d
329 2464 361 2509 ¹)
386 2475 421 2510 p.
447 2465 530 2502 186:
570 2465 685 2507 „unde
721 2465 839 2510 spolia
873 2475 1016 2511 quoque
1052 2475 1145 2511 quae
1180 2466 1253 2500 dux
1278 2464 1315 2502 P.
1341 2464 1382 2502 R„
1418 2464 1499 2499 duci
1536 2465 1691 2501 hostium

238 2520 255 2554 t
324 2520 332 2528 ⁰
356 2524 371 2539 ‘⁴

204 2521 361 2623 >effigi)
375 2549 425 2613 'In
450 2578 573 2614 eadem
599 2579 777 2614 sententia
800 2581 987 2615 versantur
1011 2579 1132 2614 Livius
1148 2580 1175 2617 I.
1193 2580 1248 2621 10,
1269 2579 1307 2613 7:
1340 2578 1445 2621 „bina
1474 2581 1604 2625 postea
1627 2580 1693 2626 [so.

197 2633 283 2683 post
306 2631 513 2682 Romulum]
535 2635 628 2671 inter
650 2637 708 2671 tot
731 2646 855 2679 annos,
879 2637 936 2671 tot
959 2635 1054 2672 bella
1069 2636 1190 2682 opima
1212 2637 1319 2682 parta
1342 2638 1427 2672 snut
1450 2636 1584 2683 spolia:
1602 2636 1692 2673 adeo

144 2697 279 2755 J‚·-‘r-ara
314 2702 407 2738 eius.
427 2703 588 2740 fortuna-
609 2704 747 2740 decoris
783 2704 886 2748 fuit‘,
920 2703 1134 2740 Plutarchus
1158 2704 1259 2743 Rom.
1275 2715 1308 2741 v.
1325 2705 1380 2748 16,
1401 2705 1459 2741 15:
1483 2693 1568 2738 Καὶ
1584 2689 1694 2750 τρισὶ
