1945 3041
814 208 1097 253 -25-

195 343 250 379 ‘se
278 335 544 392 prodituram
575 349 664 378 osse
695 335 957 390 promisisse,
989 336 1023 377 si
1055 324 1131 390 pro
1163 335 1241 377 hoo
1272 334 1460 377 facinore
1492 335 1706 391 acciperet

205 403 362 458 omnia,
383 417 491 459 quae
511 404 556 446 in
577 403 757 450 sinistris
778 402 976 445 manibus
993 402 1211 456 haberent,
1234 403 1259 446 i.
1283 417 1318 446 e.
1343 417 1493 446 aureas
1515 402 1705 446 armillas

202 474 248 519 et
270 472 446 524 'anulos;
477 476 626 528 postea
656 475 797 514 autem
828 484 924 514 arce
947 475 1156 527 occupata
1176 470 1356 514 Sabinos
1383 470 1591 514 mercedis
1613 471 1705 514 loco

205 539 323 584 illam
355 541 484 584 scutis
514 540 708 583 obruta-m
738 539 1012 594 interfecisse,
1043 553 1139 582 cum
1168 539 1373 594 dicerent,
1404 554 1457 583 ea
1486 553 1577 583 esse
1598 555 1705 595 quae

203 608 384 652 sinistris
428 609 597 652 ferrent.
679 607 802 650 Hunc
839 608 924 650 fere
962 608 1006 650 in
1041 606 1211 650 modum
1251 608 1430 652 refertur
1466 607 1612 652 fabula
1650 609 1705 652 ab

0 686 54 729 ἶ
203 677 397 721 omnibus
432 678 502 733 qui
542 676 585 720 in
629 692 680 721 ea
721 677 903 732 studium
942 681 1188 733 posuerunt,
1234 692 1261 719 a
1296 677 1513 733 DionysiO,
1565 677 1698 729 Livio,

34 736 38 739 ’
202 744 440 799 Plutarcho,
464 745 633 789 Valerio
654 745 854 799 Maximo,
877 745 972 788 aliis
987 744 1035 799 ¹),
1067 745 1242 800 singulis
1265 746 1387 788 rebus
1408 750 1572 788 tantum
1595 746 1705 788 inter

204 827 249 857 se
279 813 636 858 dissentientibus.
697 814 996 871 Copiosissimc
1027 819 1167 857 autem
1196 815 1238 857 in
1260 828 1311 857 ea
1332 819 1521 857 versatur
1541 813 1701 870 Diony-

206 883 311 936 sius;
343 883 411 926 hie
432 883 545 926 euim
576 881 743 925 addidit
772 883 924 937 longae
945 882 998 925 de
1019 881 1200 939 Tarpeia
1219 883 1466 937 narrationi,
1492 897 1619 938 quam
1652 892 1705 925 ex

195 949 339 994 -Fabio
371 956 413 994 et
439 951 583 994 Cincio
615 964 660 994 se
690 952 878 995 hausisse
910 951 1141 1008 profitetur,
1179 965 1261 1007 qua
1282 951 1450 994 ratione
1472 950 1568 994 Piso
1598 950 1702 994 faci·

205 1033 283 1062 nus
329 1019 533 1076 Tarpeiae
578 1025 624 1064 ut
668 1020 864 1063 laudibus
910 1021 1146 1064 celebraret
1187 1021 1336 1063 enixus
1379 1025 1501 1063 esset.
1570 1014 1706 1062 D'oeet

204 1091 345 1131 autem
368 1086 478 1145 Piso,
500 1087 722 1146 Tarpeiam
744 1088 864 1132 illam
887 1087 1179 1132 condicionem
1201 1088 1404 1133 ferentem
1422 1087 1568 1132 nonde
1589 1101 1704 1143 aum,

202 1155 277 1198 sed
299 1155 352 1198 de
374 1157 502 1200 armis
522 1157 785 1213 proferendis
806 1158 1029 1211 cogitasse,
1050 1162 1096 1200 ut
1116 1157 1296 1200 Sabinos
1324 1158 1505 1200 inermes
1526 1157 1703 1199 Romulo

202 1223 400 1268 traderet.
462 1224 566 1268 Inde
598 1225 748 1279 elucet,
785 1225 964 1279 Augusti
995 1225 1256 1282 temporibus
1286 1225 1502 1282 duplicem
1533 1225 1704 1268 fabulae

203 1294 450 1335 memoriam
481 1294 705 1337 exstitisse.
768 1293 914 1348 Itaque
945 1307 1029 1336 non
1063 1295 1213 1336 mirum
1245 1299 1328 1348 est,
1365 1295 1492 1347 etiam
1524 1294 1703 1350 Proper-

206 1360 311 1404 tium
345 1374 490 1405 ausum
521 1375 627 1417 esse,
658 1377 685 1405 a
713 1362 874 1416 vulgari
906 1362 1051 1405 sabula
1081 1361 1317 1405 deflectere.

158 1484 162 1491 r
336 1430 474 1484 Atque
504 1431 612 1472 ratio
642 1444 726 1485 qua
754 1431 942 1473 fabulam
979 1431 1255 1473 conformavit
1291 1442 1460 1486 prorsus
1491 1432 1702 1473 consentit

199 1512 294 1540 cum
324 1498 413 1541 eius
443 1498 612 1552 ingenio
643 1489 771 1554 atque>
797 1498 952 1541 indole.
1018 1498 1232 1553 Contingit
1261 1500 1373 1542 enim
1406 1503 1544 1555 poeta,
1591 1498 1692 1543 Tar-

338 1589 365 1631 ι)
401 1587 440 1622 ln
478 1587 582 1623 Ennii
621 1587 828 1634 fragmentis
868 1598 1084 1634 ‹piamquam
1121 1598 1165 1625 ne
1195 1598 1320 1623 nomen
1353 1588 1496 1635 quidem
1527 1588 1725 1635 Tarpeiae

201 1645 408 1688 invenimus,
439 1648 556 1681 tamen
583 1645 668 1691 quin
695 1645 754 1680 ille
788 1646 954 1691 princeps
980 1656 1130 1691 poeseos
1155 1646 1338 1681 Romanae
1363 1645 1520 1681 fabulam
1544 1646 1702 1691 explica-

206 1701 305 1747 verit,
330 1702 477 1737 dubium
502 1713 579 1738 esse
604 1713 673 1737 non
701 1705 838 1748 potest,
865 1702 1072 1748 praesertim
1100 1714 1179 1738 cum
1204 1713 1361 1748 pugnam
1386 1702 1478 1737 inter
1502 1702 1643 1738 Tatium
1667 1705 1704 1738 et

205 1759 393 1796 Romulum
412 1760 458 1795 ab
475 1770 517 1795 eo
535 1763 735 1797 enarratam
753 1771 831 1795 esse
848 1760 908 1805 (ef.
926 1761 969 1795 fr.
986 1761 1042 1798 65.
1061 1772 1095 1805 p.
1113 1762 1157 1797 17
1174 1761 1228 1795 ed.
1248 1759 1398 1803 Vahlen)
1421 1762 1516 1794 certe
1536 1760 1702 1796 sciamus.

201 1816 302 1860 Quae
327 1821 446 1850 autom
472 1816 675 1852 lii-almerus
701 1817 843 1863 (Gymn.
861 1816 982 1861 l’rogr.
1002 1816 1191 1852 Friedlantl
1217 1817 1322 1860 1858)
1360 1816 1462 1851 Ennii
1502 1816 1703 1862 fragmenta

202 1872 247 1908 ad
274 1872 462 1919 Tarpeiam
487 1873 663 1919 pertinere
689 1874 891 1916 coniecerit,
917 1885 987 1909 non
1013 1873 1132 1909 omnia
1149 1873 1291 1920 probari
1318 1883 1425 1920 posse
1441 1876 1541 1919 pute.
1581 1872 1702 1909 Solum

0 1938 33 1968 ’ἶν’
94 1942 99 1945 *
202 1929 245 1966 sr.
260 1930 316 1967 64.
342 1941 422 1966 cum
447 1930 570 1978 aliqua
593 1931 755 1966 veritatis
780 1931 900 1976 specie
925 1931 972 1966 ad
996 1930 1184 1976 Tarpeiam
1209 1930 1376 1966 refertur:

0 1985 41 2032 φῖ
78 1992 81 1994 ·
475 1988 563 2023 Cum
589 1998 756 2033 superum
783 1988 899 2023 lumen
924 1998 995 2023 nox
1022 1988 1237 2033 intempesta
1260 1990 1407 2029 teneret,

200 2055 352 2090 quocum
390 2055 490 2079 versu
529 2046 776 2090 componenda
811 2047 895 2080 sunt
931 2048 967 2080 et
1003 2044 1178 2090 Propertii
1215 2045 1323 2079 verba
1360 2044 1399 2081 V.
1423 2046 1456 2087 4,
1480 2045 1526 2079 85
1560 2044 1702 2085 „omnia

202 2101 422 2146 praebebant
446 2107 611 2137 ,εοιηιιυεκ
644 2105 681 2137 ct
704 2101 819 2138 Ovidii
847 2102 927 2139 Met.
953 2101 1043 2139 XIV.
1068 2102 1152 2138 729:
1180 2103 1238 2143 „et
1269 2112 1422 2147 corpora.
1447 2100 1542 2135 victa
1571 2110 1701 2146 sopore

204 2157 412 2193 invadunt&
450 2159 562 2194 Recte
588 2162 707 2194 autem
724 2159 905 2194 Valilenus
921 2158 1130 2204 fragmentis
1148 2158 1304 2193 incertae
1321 2157 1416 2193 sedis
1433 2157 1522 2192 illud
1539 2157 1704 2192 attribuit

197 2213 276 2258 (Vl.
304 2225 339 2260 p.
363 2215 441 2261 67):
479 2214 571 2257 „iam
597 2217 680 2251 cata
704 2216 807 2261 signa
832 2216 904 2251 scre
934 2215 1090 2251 sonitum
1114 2214 1201 2250 dare:
1236 2225 1324 2250 uoce
1350 2214 1559 2260 parabant‘.
1607 2213 1698 2249 Nam

198 2271 397 2308 similitudo
428 2271 652 2318 Propertiani
683 2284 806 2309 versus
839 2274 932 2318 (821.ss
972 2272 1136 2315 „vocales
1166 2275 1321 2317 occupat
1352 2282 1436 2307 ense
1467 2275 1596 2307 canes⁴¹
1630 2282 1700 2306 non

199 2329 290 2365 satis
314 2339 446 2364 causae
471 2330 630 2374 praebet,
654 2341 717 2365 cur
741 2329 839 2365 illum
865 2330 970 2365 Ennii
996 2340 1135 2365 versum
1160 2329 1207 2365 ad
1223 2329 1399 2375 Tarpeiae
1416 2328 1574 2364 fabulam
1594 2328 1702 2374 perti-

198 2396 280 2422 nere
304 2385 501 2423 credamus.
543 2386 666 2435 Neque
690 2388 758 2423 hoc
779 2387 982 2423 lx'rahuerus
999 2389 1095 2423 recte
1112 2386 1270 2423 iudicare
1287 2385 1438 2429 videtur,
1463 2384 1560 2432 quod
1577 2386 1699 2428 sentit,

39 2452 52 2459 ‘¹
106 2474 109 2477 .
149 2481 151 2483 ,
198 2442 269 2478 illis
293 2443 410 2480 verbis
434 2443 494 2489 (fr.
512 2443 537 2479 l.
555 2444 634 2490 30):
673 2445 819 2490 „accipe
844 2445 961 2491 daque
986 2444 1090 2480 fidem
1115 2443 1313 2490 foedusque
1337 2443 1402 2479 feri
1427 2444 1515 2479 bene
1539 2443 1697 2478 firmum“

6 2500 19 2510 ‘
197 2499 324 2536 foedus
360 2499 453 2536 Tatii
491 2502 527 2536 et
563 2500 738 2547 Tarpeiae
774 2501 964 2548 designari.
1031 2500 1128 2538 Nihil
1173 2500 1266 2537 enim
1301 2500 1490 2537 conserunt
1527 2499 1572 2535 ad
1609 2499 1699 2535 baec

162 2592 168 2605 ,
198 2566 359 2615 Dionysii
384 2569 492 2606 verba
516 2570 558 2607 ΙΙ.
576 2572 639 2607 38:
675 2560 873 2616 λαβοῦσα
893 2559 966 2610 τὰς
986 2561 1155 2610 πίστεις
1177 2561 1232 2603 δι’
1255 2558 1394 2616 ὅρκων
1424 2560 1525 2614 παρ’
1558 2557 1701 2602 αὐτοῦ

182 2624 266 2668 ’.καὶ
295 2626 402 2683 mitri
436 2625 574 2671 δοῦσα
603 2629 678 2671 τοῦ
705 2627 768 2685 μή
794 2627 1039 2686 ψεύδεσδαι
1058 2627 1132 2678 τὰς
1152 2628 1380 2683 ὁμολογίας
1402 2639 1482 2680 ete„
1507 2647 1599 2684 quae
1616 2647 1696 2672 cum

137 2724 141 2728 .
195 2693 284 2729 nihil
305 2694 376 2737 ,nisi
401 2694 573 2732 usitatam
597 2698 634 2732 et
657 2695 881 2732 tritissimam
906 2695 1144 2732 elocutionem
1167 2696 1382 2742 praebeant,
1413 2706 1484 2730 non
1514 2705 1557 2729 ex
1586 2694 1701 2729 Ennio

131 2747 133 2753 ⁴
152 2768 158 2774 ·-
194 2749 413 2803 desumenda
436 2754 549 2792 erant.
