1945 3041
881 196 1167 244 -54-

510 337 657 369 annua
687 328 734 369 at
762 335 944 368 accenso
974 322 1194 369 celeb'rare
1223 323 1384 370 Palilia
1411 325 1552 381 faeno,

503 393 653 450 qualia
681 407 797 437 nunc
826 397 946 437 curto
976 393 1112 438 lustra
1140 398 1355 439 novantur
1382 406 1511 451 equo
1517 392 1550 448 ¹)

269 462 339 507 Ad
371 463 484 506 hanc
514 462 772 506 sententiam
802 460 992 505 adducor
1020 462 1153 506 etiam
1181 463 1258 517 eis,
1291 475 1402 518 quae
1429 461 1607 507 Paullus
1634 476 1685 520 p
1699 460 1787 507 173
1806 482 1829 508 4

268 530 460 576 exhibet·
500 529 706 584 „October
741 543 873 587 equus
909 529 1215 588 appellabatur
1249 531 1321 587 qui
1356 531 1404 574 in
1440 543 1596 589 campo
1625 530 1790 586 Mau-tid
1827 540 1830 546 ’
1858 525 1898 591 J

265 613 410 643 mense
440 599 615 642 Octobri
645 597 775 642 Marti
810 598 1115 642 immolabatur
1137 632 1147 642 .
1170 633 1180 643 .
1201 600 1324 643 cuius
1359 598 1502 643 cauda
1535 603 1584 643 ut
1626 612 1681 644 ex
1725 611 1780 643 ea
1857 606 1890 640 ;.’

266 668 439 726 sanguis
474 667 520 710 in
555 666 698 710 focum
728 665 987 722 destillaret,
1030 679 1191 722 magna
1224 666 1448 712 celeritate
1482 662 1780 725 perferebatur
1829 661 1851 667 ’·

264 738 310 779 in
330 736 529 791 regiam“.
574 734 696 787 Quod
726 739 871 779 autem
899 748 952 778 ex
974 733 1185 792 Propertii
1206 736 1400 780 oratione
1420 734 1576 791 elucet,
1607 734 1784 782 demum
1810 766 1812 768 v

266 805 501 862 posteriore
533 807 676 848 aetate
705 804 958 858 sanguinem
986 803 1084 859 equi
1113 803 1309 848 Octobris
1337 802 1550 848 Palilibus
1588 802 1786 849 adhiberi

267 877 467 930 coeptum
486 885 593 926 esse,
614 885 715 916 num
736 885 790 916 ex
812 876 928 916 certo
949 872 1066 917 fonte
1086 871 1289 928 hauserit,
1308 871 1503 918 indicare
1522 884 1608 925 non
1626 872 1801 918 Iubeo..
1849 856 1875 875 a

405 941 639 998 Aptissime
670 940 888 996 subiungit
916 944 1047 999 poeta
1074 939 1249 985 Octobri
1279 953 1387 998 equo
1415 939 1576 987 Vestae
1607 954 1762 988 sacrat>

432 1009 502 1053 21.
543 1009 700 1063 „Vesta
729 1011 943 1054 coronatis
972 1010 1138 1068 pauper
1166 1009 1389 1066 gaudebat
1413 1010 1574 1067 asellis,
1582 1010 1620 1068 ²)

542 1078 760 1123 ducebant
788 1092 960 1123 macrae
988 1079 1093 1122 vilia
1122 1092 1248 1123 sacra
1277 1079 1442 1123 boves‘.

265 1162 368 1192 nam
396 1152 444 1192 ut
473 1146 618 1191 Idibus
648 1145 903 1191 Octobribus
933 1160 1065 1203 equus
1094 1151 1311 1191 mactatus
1340 1145 1688 1204 coronabatur-,5
1717 1147 1782 1192 ita
1855 1145 1857 1147 ’
1882 1120 1884 1123 V
1942 1120 1943 1123 Ἴ

265 1216 513 1261 Vestalibus
533 1216 672 1271 aselli,
703 1216 912 1274 pistorum
932 1217 1137 1271 iumenta,
1168 1215 1367 1273 panibus,
1397 1215 1557 1260 Vestae
1585 1216 1679 1271 igni·
1703 1214 1794 1262 de-⁸

265 1286 387 1341 bitis,
423 1284 773 1329 redimiebantur.
833 1283 918 1328 Sed
948 1298 1046 1329 cum
1082 1289 1254 1343 praeter
1288 1284 1458 1329 asellos·
1483 1284 1611 1329 boum
1642 1285 1785 1330 'faciat

265 1355 541 1408 mentionem,
572 1353 786 1397 consentit
805 1366 903 1396 cum
923 1352 1065 1398 Paulli
1074 1351 1112 1409 ³)
1141 1353 1296 1408 verbis,
1327 1367 1436 1410 quae
1465 1352 1523 1399 ad
1541 1352 1782 1398 Varronem
1834 1378 1845 1410 χ
1923 1323 1934 1392 f

267 1437 346 1481 per
364 1422 563 1466 Verrium
582 1420 789 1466 Flaccum
819 1421 959 1466 redire
987 1421 1188 1467 videntur
1217 1422 1317 1477 „bos
1345 1422 1539 1479 frugibus
1565 1422 1784 1481 pariendis

270 1499 336 1537 θεῖ
365 1492 527 1612 8Δρίζιιιιειςιει
558 1559 612 1604 de
633 1558 946 1618 Compitalibus
955 1559 990 1616 ⁴)
1019 1564 1150 1618 poeta
1179 1559 1298 1616 dicit,
1327 1572 1415 1605 non
1444 1562 1508 1606 ita
1536 1528 1785 1619 comparata

272 1635 389 1684 sunt,
425 1635 473 1673 ut
502 1629 560 1673 ad
590 1634 754 1672 certum
790 1633 1008 1672 auctorem
1042 1629 1189 1672 referri
1224 1630 1402 1686 possint.
1461 1628 1547 1673 Sed
1581 1629 1663 1673 hoc
1698 1641 1784 1672 non

271 1697 630 1756 praetereundum
650 1696 830 1751 videtur,
860 1696 1127 1755 Propertium
1145 1696 1192 1742 id
1211 1702 1426 1753 agentem,
1454 1703 1504 1743 ut
1527 1698 1784 1744 tenuitatem

273 1779 491 1811 sacrorum
518 1770 709 1822 exponat
728 1765 907 1822 ideoque
927 1771 1094 1811 tantum
1123 1765 1295 1822 'singula
1323 1766 1468 1822 eligat,
1498 1780 1527 1811 a
1554 1779 1658 1812 vera
1686 1766 1785 1812 festi

413 1995 444 2040 1)
470 1994 515 2033 cf.
533 1994 635 2030 Ovid.
652 1992 751 2030 Fast.
769 1991 827 2029 IV.
845 1992 929 2030 731:

596 2052 619 2095 i,
644 2052 728 2097 pete
751 2049 921 2097 virginea,
946 2050 1115 2097 populus,
1140 2050 1305 2087 suffimen
1329 2050 1376 2087 ab
1400 2060 1481 2087 ara:

598 2108 711 2144 Vesta
734 2107 853 2144 dabit:
877 2107 1009 2144 Vestae
1032 2117 1177 2144 munere
1200 2118 1312 2155 purus
1335 2107 1417 2145 eris.

599 2165 747 2212 sanguis
772 2165 856 2213 equi
878 2165 1043 2202 suffimen
1067 2164 1136 2202 erit
1158 2164 1334 2213 vitulique
1357 2163 1493 2204 favilla.

416 2225 448 2271 ²)
473 2224 519 2260 cf.
537 2224 638 2260 Ovid.
655 2223 755 2260 Fast.
774 2222 832 2259 VI.
848 2223 933 2261 311:

603 2291 686 2317 ecce
710 2281 893 2317 coronatis
916 2280 1022 2327 panis
1046 2280 1226 2328 dependet
1247 2279 1381 2325 asellis,

602 2340 640 2374 et
662 2337 785 2373 velant
807 2338 956 2374 scabras
979 2337 1110 2374 florida
1133 2340 1232 2374 serta
1253 2337 1382 2376 molas..

419 2394 449 2439 ⁸)
474 2394 520 2431 cf.
536 2393 685 2430 Paullus
702 2405 737 2441 p.
753 2394 841 2430 220:
866 2394 1023 2431 Panibus
1047 2394 1264 2432 redimibant
1285 2395 1399 2441 caput
1422 2393 1507 2442 equi
1525 2384 1700 2430 immol*ti
1721 2383 1790 2421 ffi·
1860 2368 1863 2371 Ι

283 2453 351 2489 bus
376 2452 604 2496 Octobribus,
640 2452 677 2487 in
702 2462 831 2498 campo
857 2451 985 2488 Martio
1022 2452 1108 2499 quia
1130 2452 1167 2488 id
1191 2451 1406 2489 sacrificium
1440 2450 1550 2487 fiebat
1578 2449 1626 2487 ob
1648 2449 1792 2498 frugum

284 2510 467 2552 eventum
497 2510 534 2545 et
564 2513 679 2556 equus
703 2508 827 2556 potius
851 2519 960 2556 quam
982 2509 1050 2546 bos
1079 2509 1343 2554 immolabatur,
1374 2507 1472 2557 quod
1501 2507 1561 2545 hie
1584 2506 1697 2553 bello,
1724 2508 1792 2546 bos
1831 2532 1836 2537 ·

284 2565 448 2613 frugibus
473 2566 656 2614 pariendis
680 2568 737 2604 est
760 2568 880 2613 aptus.

421 2625 455 2670 ⁴)
480 2623 525 2659 cf.
543 2623 657 2660 Varro
674 2623 719 2660 de
735 2624 757 2661 1.
775 2623 954 2662 1.V1.25.
979 2624 1197 2671 Compitalia
1212 2624 1290 2660 dies
1306 2623 1504 2660 attributus
1519 2592 1672 2661 Laribus
1686 2622 1792 2661 Gom.
1835 2608 1924 2685 “s-3.

286 2680 461 2728 pitalibus
485 2680 567 2717 ideo
592 2681 653 2718 ubi
677 2680 758 2718 viae
781 2682 1002 2728 competunt,
1026 2683 1104 2718 tum
1126 2682 1163 2718 in
1187 2681 1363 2728 competis
1386 2679 1619 2718 sacrificatur.
