1945 3041
871 179 1152 226 -61-

260 307 381 368 Quod
401 303 546 353 autem
566 307 620 353 de
631 308 769 353 Roma
788 309 959 353 nuntiat
977 314 1121 366 poeta,
1142 322 1237 353 eam
1258 321 1353 353 esso
1373 306 1555 362 alteram
1576 306 1763 351 Troiam:

467 390 589 421 arma
617 377 874 432 resurgentis
903 381 1079 434 portans
1108 378 1301 421 victricia
1330 376 1492 421 Troiae.
1509 376 1541 431 ¹)

214 445 342 503 :flioo
372 445 510 490 redire
539 444 706 490 videtur
735 457 819 489 non
850 445 988 490 solum
1016 445 1073 490 ad
1101 444 1355 501 Vergilium:

210 512 223 526 ²
428 513 460 557 I.
482 513 538 558 68
566 514 715 557 vIlium
744 515 790 556 in
820 513 992 558 Italiam
1021 519 1199 571 portans
1227 515 1443 569 victosque
1472 519 1651 570 penates

395 586 439 626 et
457 579 542 626 206
592 582 685 626 illie
715 582 780 626 fas
809 595 942 637 regna
971 596 1188 637 resurgere
1218 582 1381 637 Troiae,

243 664 248 678 ²
261 650 338 694 sed
357 651 491 694 etiam
511 651 689 694 fortasse
720 649 775 693 ad
795 650 995 709 Ennium,
1026 651 1061 694 si
1082 650 1209 693 modo
1229 650 1514 704 fragmentum
1543 651 1607 702 „in
1629 650 1766 692 Roma

247 716 389 762 ‘Troia
418 719 592 762 revixti“
622 718 768 762 Ennii
783 723 858 762 est.
871 718 904 773 ²)

400 786 572 842 Omnia,
610 801 719 843 quae
748 787 954 830 Romanis
985 791 1189 830 eventura
1224 792 1367 830 essent
1398 787 1452 829 ab
1485 786 1657 829 Aeneae
1689 785 1766 830 ad-

166 891 169 893 .
261 859 406 911 ventu,
436 855 656 913 Sibyllinis
685 855 806 900 libris
837 856 1081 914 conscripta
1106 859 1242 910 erant,
1273 856 1343 911 qui
1373 855 1520 911 quanti
1552 855 1766 898 aestimati

261 926 347 968 sint
383 937 528 968 omnes
565 927 716 969 sciunt.
776 924 915 980 Atque
959 925 1101 981 plures
1137 925 1323 980 Sibyllas
1362 925 1491 967 fuisse
1523 924 1764 980 Propertius

195 997 198 1000 '
265 1006 351 1041 non
381 994 568 1049 ignorat3
598 994 741 1050 itaque
771 1008 809 1038 v.
830 991 886 1037 49
917 993 1039 1038 dicit:

341 1063 399 1116 „si
428 1061 556 1105 modo
585 1062 857 1106 Avernalis
887 1062 1094 1106 tremulae
1125 1060 1336 1116 cortina³)
1366 1062 1576 1117 Sibyllae“
1609 1067 1688 1104 etc.

262 1130 353 1174 Hoc
379 1131 634 1188 explicatius
655 1129 832 1174 tradidit
855 1130 1001 1184 Varro,
1032 1143 1084 1173 ex
1106 1142 1188 1185 quo
1201 1130 1457 1177 Lactantius
1489 1130 1630 1173 hausit
1658 1129 1765 1173 haee

261 1199 313 1253 (Ι.
344 1198 383 1242 6.
415 1198 480 1252 7):
531 1199 607 1252 ‚,M.
640 1199 795 1253 Varro,
838 1211 920 1253 quo
965 1211 1089 1241 nemo
1133 1212 1318 1254 unquam
1362 1198 1526 1241 doctior
1561 1212 1615 1241 ne
1651 1198 1766 1254 apud

261 1266 447 1312 Graecos
492 1267 661 1324 quidem
704 1268 829 1322 vixit,
875 1268 920 1310 in
955 1267 1076 1311 libris
1113 1281 1253 1311 rerum
1296 1267 1534 1310 divinarum
1564 1279 1667 1323 quos
1706 1267 1761 1310 ad

192 1371 204 1377 -
261 1335 306 1380 C.
329 1336 556 1381 Caesarem
576 1335 823 1379 Pontificem
847 1335 1080 1380 Maximum
1111 1336 1294 1392 scripsit,
1326 1349 1421 1378 eum
1444 1334 1498 1378 de
1519 1335 1764 1391 quindecim

74 1406 78 1413 '
260 1406 361 1449 viris
390 1405 641 1461 loqueretur,
671 1405 902 1460 Sibyllinos
922 1406 1053 1448 libros
1075 1406 1136 1448 ait
1156 1417 1240 1446 non
1266 1405 1394 1447 fuisse
1415 1406 1538 1448 unius
1560 1404 1762 1460 Sibyllae,

261 1472 335 1517 sed
374 1473 584 1532 appellari
628 1486 712 1517 uno
757 1473 926 1517 nomine
953 1464 1205 1530 Sibyllinos,
1249 1472 1360 1529 quod
1397 1485 1542 1517 omnes
1579 1473 1763 1516 feminae

259 1547 379 1586 vates
408 1543 597 1599 Sibyllae
635 1547 732 1586 sunt
769 1557 796 1585 a
830 1542 1042 1586 veteribus
1087 1546 1379 1598 nuneupatae,
1424 1542 1491 1585 vel
1538 1542 1592 1585 ab
1638 1543 1761 1585 unius

261 1610 485 1669 Delphidis
516 1612 684 1655 nomine
715 1612 782 1654 vel
813 1625 839 1654 a
874 1611 1062 1655 consiliis
1091 1610 1266 1654 deorum
1297 1610 1581 1654 enuntiandis.
1644 1608 1767 1660 σιοιῗς

261 1681 376 1724 enim
406 1679 520 1735 deos,
552 1693 638 1723 non
667 1678 807 1729 θεοὺς
836 1685 879 1724 et
909 1680 1132 1724 eonsilium
1170 1692 1254 1722 non
1284 1677 1448 1736 βουλήν
1483 1679 1766 1736 appellabant

261 1748 338 1792 sed
367 1746 506 1805 βυλήν
536 1748 711 1792 Aeolieo
741 1763 896 1803 genere
927 1750 1145 1793 sermonis.
1196 1748 1344 1804 Itaque
1365 1748 1574 1804 Sibyllam
1604 1748 1763 1791 dictam

154 1871 156 1873 Ι
262 1831 354 1861 esse
398 1818 518 1872 quasi
561 1814 828 1873 θεοβούλην.
925 1817 1122 1861 Ceterum
1167 1817 1351 1872 Sibyllas
1397 1816 1543 1860 decem
1588 1829 1762 1860 numero

137 1932 145 1939 ,
212 1887 215 1888 ’
263 1886 390 1929 fuisse
421 1900 456 1928 e.
489 1899 528 1941 q.
561 1885 660 1937 s“.⁴)

339 1975 346 1980 ·
398 1953 642 2011 Propertius
671 1959 815 1998 autem
845 1969 942 1998 eum
972 1954 1025 1998 de
1045 1954 1248 1997 Avernali
1274 1955 1300 1996 i.
1332 1969 1367 1997 e.
1391 1954 1579 1998 Cumaea
1598 1954 1764 2010 Sibylla

263 2027 378 2079 agat,
410 2023 596 2080 sequitur
624 2024 868 2080 opinionem
898 2023 1130 2078 vulgarem.
1160 2036 1245 2079 qua
1274 2023 1396 2067 huius
1424 2022 1614 2080 Sibyllae
1643 2023 1765 2067 libris

263 2093 356 2136 fata
368 2092 656 2135 Romanorum
676 2093 917 2149 conscripta
937 2093 1111 2144 fuerint3
1133 2093 1319 2147 sequitur
1340 2093 1468 2135 etiam
1490 2093 1763 2147 sententiam,

259 2166 394 2216 'quam
421 2160 637 2218 Vergilius
667 2160 856 2204 exhibet:

365 2275 367 2278 ⁴
399 2261 429 2302 ι)
454 2260 500 2296 ef.
525 2272 556 2295 v.
582 2261 642 2297 87:

537 2317 670 2354 dicam:
695 2318 803 2354 Troia
826 2317 934 2354 cades
958 2320 995 2354 et
1019 2318 1148 2354 Troica
1173 2317 1286 2354 Roma
1309 2329 1484 2363 resurges.

399 2374 428 2418 ἵ)
452 2374 498 2410 cf.
524 2373 629 2410 Ennii
654 2376 745 2412 Ann.
770 2375 895 2421 fragm.
920 2375 975 2411 ed.
1000 2375 1254 2421 Spangenberg
1279 2375 1304 2410 1.
1321 2377 1377 2412 93.

399 2431 431 2476 ⁸)
455 2430 501 2469 cf.
527 2430 655 2478 Vergil.
680 2430 739 2470 VI.
755 2432 840 2471 347:

540 2500 676 2536 „neque
699 2491 735 2525 te
757 2489 890 2525 Phoebi
916 2489 1057 2525 cortina
1081 2489 1240 2526 fefellit“.

400 2547 434 2594 ⁴)
458 2547 570 2583 Recte
593 2546 770 2583 Maassius
794 2546 838 2582 de
862 2545 1078 2593 Sibyllarum
1106 2546 1282 2583 indicibus
1312 2546 1514 2594 Gryphisw.
1533 2546 1623 2584 1879
1647 2557 1684 2592 p.
1707 2546 1764 2590 32,

140 2603 149 2618 ‘
200 2629 203 2631 —
265 2612 337 2638 non
362 2603 479 2639 solum
502 2603 733 2647 demonstrat,
758 2615 781 2639 a
802 2603 961 2639 Varrone
984 2603 1065 2649 ipso
1087 2603 1241 2639 indicem
1269 2603 1369 2639 illum
1385 2603 1601 2650 Sibyllarum
1624 2604 1766 2639 confec-

266 2660 343 2696 tum
366 2670 464 2704 esse,
487 2660 550 2697 sed
575 2661 683 2697 etiam
707 2660 803 2697 illius
827 2660 983 2707 catalogi
1007 2656 1179 2708 originem
1202 2660 1249 2696 ad
1274 2660 1455 2697 Timaeum
1478 2660 1597 2697 refert.
