1945 3041
1409 16 1622 29 aaaaaa

1435 31 1623 44 .......

1558 50 1575 60 α
1608 52 1618 59 ·.

334 327 385 373 In
416 325 707 372 describendis
736 327 913 384 pugnis,
948 326 1101 383 quibus
1130 326 1271 385 spolia
1299 331 1432 391 capta
1465 327 1571 384 sint,
1600 314 1705 372 cum

197 398 356 453 singuli
385 401 580 441 auctores
619 388 733 439 inter
767 409 812 440 se
849 408 936 439 non
972 400 1230 452 congruant,
1267 387 1535 454 Propertium
1568 393 1706 442 multa

196 480 252 511 ex
288 479 363 510 suo
392 465 565 520 ingenio
595 461 874 520 confinxisse,
914 464 1077 522 quippe
1112 465 1183 521 qui
1218 478 1371 510 munus
1406 469 1581 525 poetae,
1616 467 1705 515 non

195 535 387 586 historici
415 535 462 578 in
492 547 538 578 se
560 535 808 591 susceperit,
837 533 1276 579 minime-mirandum
1294 539 1374 579 est.
1418 533 1578 579 Tamen
1597 537 1706 578 non-

197 603 327 648 nullis
357 603 484 647 rebus
515 592 611 646 euni
643 616 739 648 cum
770 603 924 648 ceteris
961 603 1206 649 auctoribus
1232 603 1322 648 sive
1352 615 1457 648 casu
1485 603 1575 655 sive⁴
1603 615 1706 648 con·
1767 609 1769 611 ’

197 672 292 717 silio
324 673 564 717 consentire
596 677 792 730 apparet.
851 666 919 717 Ita
947 674 1062 717 enim
1091 672 1236 717 Livius
1264 686 1454 730 pugnam
1481 673 1594 717 inter
1620 671 1718 729 Bor
1750 685 1763 717 ἢ

195 741 358 785 mulum
384 746 427 785 et
446 741 639 785 Acronta
663 746 812 786 narrat
831 741 864 786 I.
886 740 956 798 10,
976 740 1022 786 4:
1054 742 1309 796 „exercitum
1332 739 1473 785 fundit
1490 741 1707 798 fugatque,
1863 739 1884 798 “tf

196 811 334 855 fusum
355 811 635 868 persequitur,
666 824 808 866 regem
830 811 875 855 in
897 805 1060 869 proelio
1083 810 1312 855 obtruncat
1331 815 1377 855 et
1396 809 1568 868 spoliat,
1597 807 1717 855 duce.

195 880 380 924 hostium
410 880 550 923 occiso
580 879 730 925 urbem
759 880 898 936 primo
928 880 1091 937 impetu
1120 879 1260 938 capit⁶¹
1290 883 1335 923 et
1364 877 1477 923 bello
1512 878 1707 923 confecto
1756 911 1763 919 .

195 947 423 992 Romulum
459 947 557 992 Jovi
592 948 801 1006 templum
838 947 1060 993 dedicasse
1096 948 1163 993 his
1197 948 1338 993 verbis
1371 947 1516 993 Livius
1558 951 1709 992 auctor

196 1023 279 1061 est:
326 1018 549 1074 „Juppiter
577 1016 763 1072 Feretri,
808 1017 916 1061 haec
950 1017 1029 1060 tibi
1064 1018 1200 1061 victor
1233 1016 1438 1061 Romulus
1472 1029 1549 1061 rex
1587 1016 1710 1071 regia

197 1100 320 1131 arma
362 1086 452 1130 fero
497 1085 787 1144 templumque
831 1086 897 1131 his
932 1086 1196 1142 regionibus,
1241 1099 1346 1143 quas
1389 1084 1516 1130 modo
1562 1085 1707 1130 animo

196 1160 382 1200 metatus
402 1169 509 1210 sum,
540 1153 693 1199 dedico
723 1154 868 1199 sedem
888 1155 1044 1213 opimis
1073 1155 1222 1213 spoliis
1250 1169 1360 1212 quae
1389 1154 1559 1212 regibus
1588 1151 1707 1198 duci-

197 1225 358 1281 busque
394 1224 579 1269 hcstium
615 1225 754 1269 caesis
797 1238 872 1268 me
909 1229 1168 1269 auctorem
1204 1229 1475 1282 sequentes
1511 1223 1707 1284 posteri

196 1294 397 1338 ferent“.
458 1294 526 1337 Ab
556 1294 640 1338 hac
669 1295 885 1338 sententia
921 1294 1090 1339 initium
1125 1295 1254 1338 sumit
1290 1286 1600 1339 describendae
1628 1306 1708 1350 pu-

195 1376 307 1419 gnae
335 1367 486 1420 poeta:

253 1430 300 1475 5:
332 1432 519 1475 imbuis
549 1431 837 1489 exemplum
866 1433 1063 1490 primae
1092 1437 1163 1485 tu,
1193 1430 1418 1486 Romule,
1447 1430 1652 1488 palmae

333 1500 470 1561 huius,
501 1504 545 1544 et
575 1501 726 1543 exuvio
757 1500 912 1557 plenus
942 1501 998 1544 ab
1030 1501 1151 1545 hoste
1180 1499 1308 1554 redis,

333 1573 528 1626 tempore
558 1580 639 1624 quo
669 1574 818 1626 portas
848 1568 1085 1613 Caeninum
1114 1569 1306 1613 Acronta
1334 1572 1552 1627 petentem
1620 1591 1622 1593 ·

333 1638 471 1680 victor
499 1638 545 1679 in
576 1651 769 1681 eversum
800 1637 978 1696 cuspide
1007 1638 1149 1682 fundis
1179 1651 1345 1694 equum.
1687 1671 1690 1673 ,

196 1705 358 1750 Tamen
388 1719 475 1750 non
506 1705 690 1751 audeam
721 1711 922 1762 statuere,
959 1706 1181 1765 Propertio
1210 1706 1333 1751 illam
1369 1707 1625 1751 sententiam
1654 1721 1710 1752 ex

195 1776 316 1819 Livio
353 1774 636 1819 hauriendam
670 1775 819 1830 fuisse,
850 1789 947 1819 cum
983 1789 1036 1820 ea
1070 1777 1114 1820 in
1150 1777 1247 1834 ipsa
1275 1789 1321 1819 re
1356 1776 1499 1833 posita
1528 1776 1595 1820 sit.
1655 1773 1707 1820 Iu

197 1845 295 1889 aliis
332 1850 478 1889 autem
514 1844 570 1888 ab
606 1844 680 1888 illo
717 1844 928 1890 dissentit.
992 1844 1137 1889 Livius
1172 1846 1287 1889 enim
1322 1845 1481 1889 omittit
1524 1843 1709 1900 tradere,

195 1913 424 1957 Romulum
454 1914 540 1957 iam
573 1918 673 1957 ante
693 1926 885 1972 pugnam
905 1913 1002 1957 Jovi
1023 1914 1163 1972 spolia
1181 1914 1367 1958 hostium
1387 1911 1510 1958 ducis
1529 1914 1706 1958 vovisse.

196 1982 289 2034 Qua
323 1983 369 2025 in
404 1996 450 2026 re
486 1983 662 2040 propius
698 1982 868 2026 accedit
904 1982 961 2026 ad
990 1982 1269 2026 Plutarchum
1302 1982 1418 2027 hunc
1453 1982 1498 2025 in
1534 1981 1709 2026 modum
1846 2022 1922 2047 .:..

195 2065 387 2110 pugnam
432 2056 719 2109 exponentem
763 2051 884 2096 Rom.
916 2066 955 2096 v.
978 2049 1046 2107 16,
1069 2049 1145 2096 15:
1189 2049 1420 2107 γενόμενοι
1463 2048 1554 2094 δ’ἐν
1597 2047 1711 2109 ὄψει

194 2245 347 2302 μόνοις
365 2242 517 2290 τούτου
536 2248 680 2300 τυχεῦν
698 2241 874 2302 ιῖπῆρξε
884 2243 1108 2300 Ῥωμαίοις
1124 2243 1324 2303 ἡγεμόσι,
1344 2241 1501 2303 πρώτῳ
1511 2241 1712 2304 Ῥωμύλῳ
1746 2268 1750 2270 -
1780 2257 1785 2297 j
1868 2247 1934 2278 ἐ

194 2315 408 2359 κτεῖκναντι
440 2313 516 2359 τόν
551 2314 797 2372 Κενονήτην
817 2311 1004 2370 ’Ἄκρωνα
1010 2347 1024 2368 ,
1063 2315 1249 2372 δευτέρῳ
1284 2314 1510 2373 Κορνηλίῳ
1538 2311 1712 2372 mcciv,
1889 2336 1903 2369 χ

199 2383 428 2443 Τυρρηνόν
463 2381 665 2428 α’νελόντι
696 2379 984 2439 Τολοῦιυνιον,
1023 2381 1101 2428 ἐπὶ
1135 2383 1249 2427 πᾶσι
1278 2380 1328 2427 δὲ
1357 2381 1557 2440 Κλαυδίῳ
1585 2384 1710 2439 Map-
1763 2420 1767 2421 γ

195 2453 355 2511 κὲλλῳ,
405 2451 704 2509 Βριτομάρτου
744 2451 1004 2512 ’κρατήσαντι
1034 2452 1244 2497 Γαλατῶν
1284 2451 1516 2508 βασιλέως,
1583 2459 1711 2497 Festus
1761 2468 1772 2471 ⁷
1817 2446 1902 2511 ’3³³²'

197 2532 233 2567 p.
250 2521 335 2559 186:
369 2520 567 2567 spoliorum
598 2522 704 2557 tanta
734 2520 865 2557 raritas
896 2520 976 2564 fuit,
1006 2522 1048 2556 ut
1078 2519 1173 2556 intra
1203 2530 1318 2555 annos
1342 2517 1453 2565 paulo
1477 2545 1486 2554 .
1512 2544 1521 2554 .
1547 2544 1556 2554 .
1582 2547 1591 2556 .
1614 2517 1712 2555 trina
1838 2521 1889 2571 ,ᾗ

197 2578 415 2625 contigerint
445 2578 578 2613 nomini
612 2577 794 2622 Romano,
826 2589 900 2614 una
929 2588 1024 2624 quae
1054 2577 1099 2613 de
1123 2578 1283 2620 Acrone,
1313 2576 1430 2612 altera
1459 2586 1552 2623 quae
1574 2575 1711 2612 consul
1757 2599 1760 2603 ι

197 2635 334 2672 Cossus
357 2634 545 2671 Cornelius
577 2635 623 2671 de
648 2635 855 2678 Tolumnio,
886 2635 995 2671 tertia
1025 2645 1118 2683 quae
1148 2634 1194 2672 Μ.
1227 2633 1416 2670 Marcellus
1440 2633 1520 2670 Jovi
1552 2632 1711 2670 Feretrio

195 2692 242 2728 de
265 2691 491 2729 Viridomaro
517 2692 682 2728 fixerunt.
