1945 3041
881 206 1165 253 —52-

409 332 574 378 Eodem
605 336 804 391 spectant
832 346 899 389 ea,
930 346 1040 390 quae
1061 332 1200 377 altera
1227 336 1353 391 parto
1382 331 1628 390 explicavit.
1673 329 1787 376 Nam

275 402 504 445 Romulum
539 406 584 444 et
619 401 819 455 Remum,
864 401 982 444 urbis
1025 399 1287 455 conditores,
1332 402 1448 457 ipsos
1493 400 1787 458 pauperrimos

274 482 502 526 eorumque
533 482 681 514 casam
717 468 942 527 parvulam
981 473 1109 526 atque
1145 467 1432 513 humillimam
1461 468 1611 525 fuisse,
1646 468 1787 524 signi·
1811 481 1814 483 ’

273 539 377 583 ficat
408 539 568 590 verbisz
754 586 755 589 Ἰ
1284 590 1293 599 .

441 619 549 662 „qua
578 605 782 661 gradibus
812 605 962 649 domus
992 606 1077 649 ista
1106 605 1228 649 Remi
1259 618 1304 648 se
1335 604 1518 660 sustulit,
1549 601 1668 648 olim'

440 689 548 719 unus
580 679 674 719 erat
705 674 883 719 fratrum
914 675 1106 719 maxima
1134 688 1269 729 regna
1299 674 1454 718 focus“.

276 743 440 786 Eadem
480 742 534 785 de
564 742 735 786 Romuli
765 741 971 798 Remique
1008 741 1258 785 condicione
1288 740 1420 785 tradit
1449 740 1624 797 Dionys.
1656 738 1787 784 1.79=

276 811 420 860 αὐτοῖς
453 799 512 867 ἧν
549 811 689 854 δίαιτα
724 809 958 866 αὕτοιῖργός
994 808 1041 853 ἐν
1076 805 1201 866 ὄρεσι
1243 808 1294 853 vd
1329 808 1474 853 πολλὰ
1519 809 1815 865 πηξαμένοις

277 878 349 923 διὰ
382 876 522 930 ξύλων
555 878 628 921 καὶ
661 877 867 933 καλάμων
903 877 1065 936 σκηνὰς
1099 875 1386 934 αὕτοφόρους·
1434 867 1494 920 ὧν
1530 875 1592 920 ἔτι
1625 875 1699 919 καὶ
1729 875 1792 926 εἶς

247 976 249 979 -
281 945 358 1002 ἐμὲ
388 936 446 1003 ἧν
475 963 538 996 τις
569 946 616 990 ἐκ
645 948 722 990 τοῦ
751 947 1013 1008 ΠαλαντιόυΧ
1038 945 1115 989 ἐπὶ
1143 947 1222 1004 τῆς
1258 945 1370 1001 πρὸς
1398 944 1473 989 τόν
1510 943 1791 1000 ἱππόδρομον

278 1013 552 1072 στρεφούσης
571 1013 751 1070 λαγόνος
769 1012 990 1070 Ῥωμύλου
1019 1015 1228 1072 λεγομένη
1261 1012 1321 1074 ἦν
1351 1012 1651 1072 φυλάσσουσιν
1672 1009 1793 1070 ἱερὰν

278 1078 344 1133 οἷς
371 1082 532 1127 τούτων
568 1082 789 1138 ἐπιμελές.
836 1085 974 1139 Atque
1006 1084 1311 1141 Propertianac
1328 1083 1491 1130 ¹domus
1516 1082 1685 1126 Romuli
1717 1081 1791 1132 de-

279 1153 502 1210 scriptioni
535 1153 622 1196 iam
642 1152 946 1196 Lachmannus
977 1154 1177 1210 apposuit
1212 1152 1354 1197 locum
1390 1153 1461 1208 qui
1497 1156 1639 1196 exstat
1677 1149 1792 1208 apud

281 1221 559 1264 Plutarchum
596 1236 632 1263 v.
664 1222 785 1264 Rom.
818 1235 853 1264 c.
887 1222 988 1264 XX:
1050 1219 1156 1278 ᾤκει
1200 1218 1249 1263 δὲ
1284 1219 1501 1275 Ῥωμύλος
1537 1218 1657 1275 παρὰ
1693 1217 1793 1267 τοῦς

278 1289 537 1343 λεγομένους
564 1287 768 1343 βαθμούς
795 1290 933 1347 καλῆς
962 1288 1118 1348 ἀκτῆς,
1147 1280 1267 1334 οὗτοι
1297 1287 1346 1333 δὲ
1378 1288 1465 1333 εἶσὶ
1494 1287 1598 1344 περὶ
1622 1286 1700 1346 τήν
1730 1286 1794 1336 εἷς

279 1356 353 1400 τόν
375 1355 656 1412 ἱππόδρομον
685 1356 760 1400 τόν
788 1359 921 1412 μέγαν
944 1356 990 1401 ἐκ
1014 1358 1263 1402 Παλαντίου
1291 1355 1539 1413 κατάβασυν.
1588 1357 1681 1409 Qua
1719 1356 1792 1399 de-

281 1426 525 1482 scriptionis
555 1425 833 1469 similitudine
855 1426 918 1481 id,
950 1426 1096 1482 credO,
1135 1428 1360 1481 evincitur,
1396 1427 1660 1484 Propertium
1697 1439 1793 1469 eam

282 1508 429 1538 casam
458 1494 702 1549 significare
722 1495 919 1550 voluisse,
950 1509 1060 1551 quae
1080 1501 1174 1539 erat
1192 1497 1237 1539 in
1258 1495 1445 1549 Palati03
1478 1495 1610 1539 aliam
1630 1506 1793 1550 quoque

284 1576 431 1606 casam
462 1562 632 1605 Romuli
664 1564 879 1607 exstitisse
917 1565 959 1606 in
998 1569 1141 1607 monte
1173 1564 1413 1621 Capitolino
1444 1564 1582 1607 elucet
1613 1576 1708 1605 cum
1739 1575 1793 1605 ex

285 1632 383 1675 aliis
413 1632 692 1688 scriptoribus
722 1637 812 1675 tum
843 1647 895 1675 ex
928 1632 1115 1688 Vergilio
1534 1632 1537 1634 ’

313 1700 421 1749 Aen.
447 1699 558 1744 VIII.
582 1699 684 1744 653:
718 1701 882 1753 „stabat
904 1713 979 1757 pro
1000 1701 1161 1758 templo
1183 1701 1448 1757 etCapitolia
1467 1700 1584 1743 celsa
1604 1699 1794 1754 tenebat,

718 1769 1006 1825 Romuleoque
1043 1783 1191 1813 recens
1226 1769 1428 1813 horrebat
1462 1770 1582 1824 regia
1617 1767 1794 1812 culmo“.

287 1842 331 1881 et
360 1851 413 1880 ex
444 1836 663 1880 Macrobio
685 1837 715 1880 I.
741 1836 793 1880 15
816 1837 875 1893 (p.
899 1836 984 1880 273
1010 1837 1076 1882 ed.
1102 1838 1310 1896 Bipont.):
1342 1838 1551 1882 sacrificio
1580 1851 1607 1880 a
1626 1851 1724 1892 rege
1754 1841 1797 1879 et

289 1907 452 1949 minore
483 1905 686 1963 pontifice
717 1906 946 1961 celebrato,
979 1906 1093 1950 idem
1123 1907 1315 1963 pontifex
1353 1907 1512 1961 calata,
1551 1906 1594 1949 id
1631 1912 1696 1949 est
1724 1918 1797 1948 vo-

289 1980 390 2018 cata
419 1975 463 2017 in
484 1974 742 2032 Capitolium
774 1975 899 2032 plebe
930 1976 1050 2019 iuxta
1080 1977 1243 2019 curiam
1264 1975 1508 2030 Calabram,
1539 1988 1648 2031 quae
1670 1987 1797 2018 casae

293 2227 537 2263 Romanorum
562 2225 606 2261 de
631 2237 668 2262 re
693 2229 781 2263 rust.
807 2226 850 2264 11.
869 2227 905 2264 1:
940 2226 1203 2268 „Romanorum
1233 2226 1406 2273 populum
1437 2238 1460 2262 a
1487 2225 1693 2272 pastoribus
1722 2233 1802 2261 esse

293 2285 422 2326 ortum,
447 2283 529 2329 quis
546 2294 617 2318 non
643 2282 757 2318 dicit?
783 2283 864 2329 quis
882 2283 1093 2319 Faustulum
1120 2284 1234 2320 nescit
1258 2286 1442 2330 pastorem
1464 2282 1575 2319 fuisse
1599 2282 1801 2325 nutricium,

293 2339 354 2386 qui
390 2339 581 2376 Romulum
613 2342 649 2376 et
682 2341 833 2377 Remum
863 2340 1055 2376 educavit?
1086 2352 1157 2377 nou
1189 2341 1288 2387 ipsos
1320 2351 1464 2388 quoque
1493 2339 1606 2376 fuisse
1635 2341 1802 2386 pastores

294 2397 470 2433 obtinebit
500 2398 598 2444 quod
630 2397 806 2444 parilibus
830 2398 1058 2443 potissimum
1083 2398 1275 2434 condidere
1299 2398 1445 2435 urbem?
1482 2409 1553 2434 uon
1583 2397 1676 2433 idem
1705 2396 1802 2444 quod

295 2453 409 2490 multa
433 2455 542 2503 etiam
567 2465 662 2490 nunc
692 2465 736 2489 ex
767 2456 885 2490 vetere
910 2454 1077 2490 instituto
1102 2455 1219 2491 bubus
1244 2457 1281 2491 et
1303 2455 1430 2491 ovibus
1459 2454 1615 2490 dicitur?
1644 2456 1682 2489 et
1705 2453 1803 2501 quod

294 2522 356 2547 aes
381 2510 673 2558 antiquissimum
697 2510 795 2558 quod
820 2512 875 2547 est
900 2510 1026 2548 flatum
1056 2522 1186 2558 pecore
1216 2514 1272 2548 est
1302 2512 1492 2548 notatum?
1522 2513 1560 2548 et
1583 2512 1681 2559 quod
1703 2511 1803 2554 urbs,

296 2579 377 2604 cum
402 2568 549 2605 condita
573 2570 640 2613 est,
672 2571 778 2605 tauro
803 2570 839 2604 et
864 2579 984 2612 vacca,
1015 2569 1076 2616 qui
1101 2571 1223 2605 essent
1248 2569 1337 2605 muri
1366 2572 1403 2606 et
1427 2571 1565 2616 portae,
1596 2568 1804 2606 definitum?
1858 2606 1860 2609 ξ
1898 2573 1901 2575 ’
1937 2582 1943 2603 ;

297 2627 333 2661 et
357 2625 454 2673 quod
479 2626 637 2673 populus
661 2626 844 2663 Romanus
876 2637 955 2662 cum
987 2626 1162 2663 lustratur
1191 2626 1485 2664 suovitaurilibus
1515 2627 1806 2674 circumaguntur

297 2694 416 2719 verres
439 2684 531 2720 aries
560 2686 706 2720 taurus*
733 2687 800 2720 etc.
