1945 3041
848 190 1181 256 ψει--χ

407 340 498 384 Hac
527 333 751 396 quondam
772 337 992 381 Tiberinus
1023 329 1104 381 iter
1134 337 1333 393 faciebat,
1365 344 1408 382 ct
1438 340 1558 383 aiunt

408 421 615 453 remorum
648 407 815 450 auditos
846 420 922 463 per
951 405 1064 450 vada
1094 407 1218 463 pulsa
1247 420 1390 451 sonos:

410 481 456 521 at
485 481 709 533 postquam
739 475 811 518 ille
843 475 929 518 suis
959 479 1127 518 tantum
1158 477 1367 519 concessit
1389 476 1586 529 alumnis,

409 541 666 604 Vertumnus
697 556 815 587 verso
847 543 966 586 dicor
997 543 1051 586 ab
1083 557 1208 600 amne
1239 543 1354 588 deus.

182 648 183 651 η
248 615 341 658 Νοη
382 618 447 657 est
490 611 928 670 praetermittendum,
972 617 1144 668 poetam
1187 613 1275 655 alio
1319 613 1414 656 loco
1458 612 1647 656 ciusdem
1683 613 1743 655 rei

246 671 504 726 mentionem
543 682 684 725 facere
727 680 797 734 (V.
822 678 868 734 9,
897 678 963 734 5):
1011 694 1117 735 „qua
1146 680 1336 723 Velabra
1372 694 1447 723 suo
1484 680 1745 734 stagnabant

8 767 67 808 -πζμ
247 750 422 794 flumme
452 762 616 805 quaque
638 744 781 798 „nauta
810 762 887 805 per
916 749 1103 791 urbanas
1135 748 1378 792 velificabat
1408 749 1562 804 aquas“
1578 747 1621 803 ¹).

0 791 69 910 {jz-J
383 818 519 869 Quam
549 831 637 861 rem
667 817 886 874 Propcitio
918 821 1064 860 notam
1091 817 1220 861 fuisse
1240 831 1496 873 quamquam
1517 816 1752 861 verisimile

248 892 325 942 est,
356 891 500 930 tamen
531 890 699 944 poterat
729 887 791 929 uti
821 885 977 929 Tibulli
1007 886 1202 943 exemplo
1234 886 1286 930 ΙΙ.
1308 884 1348 941 5,
1369 885 1443 929 33:

0 955 45 1006 ⁵⁹2²
95 973 124 993 ι
513 960 557 999 at
587 968 671 1010 qua
700 954 876 998 Velabri
907 955 1022 1008 regio
1054 958 1186 1011 patet,
1215 956 1277 998 ire
1307 955 1475 998 solebat

510 1025 686 1078 exiguus
717 1023 842 1080 pulsa
873 1036 948 1080 per
977 1022 1089 1066 vada
1118 1023 1245 1067 linter
1275 1037 1398 1079 aqua.

383 1091 574 1136 Alterum
606 1092 884 1147 veriloquium
914 1091 1088 1134 ductum
1118 1096 1182 1135 est
1213 1106 1239 1135 a
1270 1096 1481 1148 tempore3
1514 1106 1613 1134 nam
1647 1092 1748 1134 anni

0 1158 29 1217 ’ζέε
56 1194 59 1197 «
247 1161 450 1204 vertentis
480 1160 621 1215 fruges
650 1160 872 1204 Vertumni
903 1173 1051 1203 sacrae
1080 1158 1370 1204 habebantur:

11 1230 29 1239 ’“
411 1228 493 1272 Seu
522 1230 621 1284 quia
651 1229 852 1272 vertentis
881 1229 1064 1272 fructum
1093 1229 1390 1285 praecepimus
1421 1229 1522 1272 anni
1581 1259 1585 1262 -

418 1297 639 1341 Vertumni
669 1296 818 1352 vulgus
849 1296 1030 1340 credidit
1060 1311 1152 1341 esse
1182 1310 1362 1341 sacrum.

250 1366 484 1409 Vertumno
506 1367 634 1420 igitur
654 1367 867 1422 primitiae
898 1367 1065 1420 frugum
1095 1366 1338 1421 offeruntur,
1367 1381 1475 1422 quae
1498 1371 1749 1423 procreatae

250 1440 348 1477 sunt
380 1435 532 1478 annuis
569 1435 983 1487 commutationibus.
1051 1434 1167 1485 Quae
1205 1440 1505 1478 enumerantur
1541 1449 1567 1478 a
1603 1440 1750 1490 poeta:

456 1504 597 1558 prima
627 1503 731 1546 mihi
760 1505 900 1546 variat
928 1504 1157 1547 liventibus
1187 1518 1271 1547 uva
1299 1503 1524 1558 racemis2)

458 1577 501 1615 et
532 1584 655 1615 coma
684 1572 859 1615 lactent-i
891 1573 1037 1629 spicea
1067 1572 1187 1626 fruge
1217 1577 1362 1615 tumet.

457 1641 525 1683 hic
556 1640 702 1683 ‹lulccs
734 1653 915 1695 cerasos,
947 1641 1016 1683 hic
1048 1641 1315 1684 autumnalia
1345 1655 1483 1697 pruna

459 1710 597 1755 cernis
627 1714 669 1752 et
700 1710 857 1752 aestivo
889 1722 1008 1753 mora
1038 1710 1188 1753 rubere
1220 1709 1312 1753 dee.

255 1778 392 1821 Simili
422 1778 559 1821 forma
588 1779 720 1820 utitur
750 1778 961 1832 Vergilius
991 1778 1067 1822 Ge.
1099 1778 1151 1822 II.
1174 1776 1247 1821 60:

460 1851 503 1889 et
533 1847 668 1902 turpis
698 1847 846 1889 avibus
879 1846 1084 1902 praedam
1114 1848 1194 1889 fert
1223 1861 1306 1889 uva
1339 1859 1550 1890 racemos.

392 1959 419 2004 ¹)
445 1958 683 1994 Conferantur
706 1958 742 1994 hi
768 1959 836 1995 loci
862 1971 941 1996 cum
967 1960 1083 1997 Ovidii
1103 1960 1200 1999 Fas&
1217 1961 1261 1999 ll.
1278 1961 1362 1998 391:

526 2015 596 2059 hie,
624 2016 684 2052 ubi
710 2027 803 2052 nunc
828 2017 907 2053 fora
931 2019 1026 2056 sunt.
1050 2018 1173 2054 lintres
1198 2028 1316 2054 errare
1332 2017 1480 2060 videres,

527 2083 670 2121 quaque
693 2074 812 2110 iacent
835 2075 962 2120 valles,
987 2075 1140 2112 Maxime
1164 2075 1274 2119 circe,
1298 2077 1393 2113 tuae.

361 2129 419 2167 Vl.
436 2130 522 2166 405:
548 2141 621 2177 qua
643 2130 797 2167 Velabra
821 2131 937 2167 solent
961 2133 995 2167 in
1021 2133 1162 2168 Circum
1186 2133 1315 2168 ducere
1339 2142 1490 2178 pompas

550 2187 598 2223 nil
625 2191 767 2233 praeter
791 2189 919 2225 salices
944 2200 1119 2236 cassaque
1143 2200 1259 2225 canna
1283 2189 1362 2227 fuit.

554 2255 662 2290 saepe
686 2245 910 2282 suburbanas
934 2247 1074 2282 rediens
1099 2246 1250 2282 conviva
1273 2257 1337 2292 per
1360 2245 1475 2281 undas

556 2302 681 2337 cantat
706 2305 742 2337 et
766 2303 812 2338 ad
837 2305 967 2339 nautas
992 2304 1091 2340 ebria
1114 2304 1223 2340 rerba
1247 2304 1344 2340 iacit.

557 2358 712 2394 nondum
738 2360 951 2396 conveniens
976 2360 1126 2396 (liversis
1151 2360 1219 2396 ist-e
1244 2360 1366 2406 figuris

560 2426 685 2452 nomen
712 2417 756 2453 ab
781 2428 907 2454 averso
931 2421 1077 2464 ceperat
1101 2430 1204 2454 amne
1228 2418 1326 2453 deus.

398 2471 428 2517 ²)
455 2471 590 2509 Eadem
615 2472 687 2510 fere
712 2475 819 2512 verba
844 2469 1071 2512 in’veniuntur
1094 2478 1131 2513 et
1155 2475 1253 2523 apud
1276 2474 1459 2512 Ovidium:

449 2528 532 2568 Met.
557 2530 618 2569 ΙΙΙ.
635 2533 718 2569 4822
835 2535 897 2569 aut
921 2536 963 2569 ut
987 2533 1094 2569 variis
1120 2533 1212 2569 solet
1235 2544 1307 2568 uva
1330 2532 1479 2568 racemis

726 2588 855 2625 (lucere
878 2601 1097 2636 purpureum
1122 2589 1280 2626 nondum
1303 2590 1434 2625 natura
1458 2587 1623 2624 colorem.

265 2641 302 2678 et
325 2641 424 2689 apud
447 2641 638 2681 Horatium
662 2656 691 2681 c.
710 2646 753 2684 ΙΙ.
771 2649 804 2690 5,
829 2648 982 2685 10-12ε

698 2704 903 2751 Distinguet
927 2706 1120 2741 autumnus
1144 2713 1305 2740 racemos

701 2765 884 2812 Purpureo
908 2763 1028 2801 varius
1052 2762 1182 2802 colore.
