1945 3041
887 197 1169 242 -57-

360 353 388 374 s,
415 340 420 361 τ
478 327 549 382 qui
578 326 677 369 tulit
706 327 851 382 aprico
884 324 1040 379 frigida
1070 329 1214 368 castra
1243 325 1347 368 lare.

474 393 588 438 idem
619 407 746 450 eques
777 398 820 437 et
849 393 993 448 frenis,
1023 392 1139 436 idem
1169 393 1249 436 fuit
1278 398 1404 450 aptus
1434 395 1601 447 aratris,

475 468 520 506 et
548 463 676 517 galea
705 463 878 506 hirsutis
909 466 1082 519 compta
1111 462 1261 519 lupina
1290 462 1413 506 iubis

475 532 594 589 picta
623 545 757 588 neque
781 530 962 575 inducto
993 530 1186 586 fulgebat
1213 545 1367 588 parma
1398 544 1578 605 pyropo·

476 601 743 657 praebebant
772 601 887 644 caesi
917 600 1063 643 baltea
1091 600 1211 643 lenta
1241 600 1381 643 boves.

286 668 393 713 Cum
421 669 550 725 igitur
586 673 715 714 antea
750 668 880 713 duces
909 668 1090 712 Romani
1121 669 1198 713 sub
1230 668 1326 712 divo
1358 668 1667 723 consedissent,
1704 669 1791 724 pri-

285 751 402 780 mum
431 739 644 794 praetorio
674 751 794 781 usum
827 751 919 780 esse
955 737 1155 780 docemur
1190 737 1311 779 illum
1341 737 1642 791 Lucumonem,
1659 737 1689 792 ¹)
1720 738 1790 792 qui

285 804 466 850 Romulo
497 806 700 850 auxilium
732 805 845 849 tulit:

409 872 498 918 -29,
532 875 694 931 „prima
730 874 981 928 galeritus
1010 875 1152 931 posuit
1180 875 1397 931 praetoria
1424 874 1652 930 Lycmon“.

287 942 434 987 Etiam
464 942 576 986 hunc
605 943 734 997 galea
762 942 957 986 indutum
993 943 1140 997 fuisse,
1177 942 1421 999 Propertius
1453 943 1620 986 discere
1653 943 1791 999 potuit

243 1029 246 1032 >
282 1015 327 1054 et
357 1011 538 1054 fortasse
576 1011 748 1065 collegit
785 1024 838 1053 ex
867 1010 1072 1054 Varronis
1101 1011 1195 1053 loco
1226 1010 1279 1054 de
1309 1011 1336 1053 l.
1368 1011 1395 1055 l.
1427 1011 1477 1054 V.
1504 1008 1603 1054 116:
1642 1010 1790 1065 „galea

282 1093 310 1122 a
339 1079 485 1133 galero
516 1091 597 1134 quo
627 1079 751 1121 multi
781 1080 848 1121 usi
878 1084 975 1122 sunt
1005 1081 1204 1134 antiqui“.

417 1146 536 1198 Quod
573 1151 717 1190 autem
754 1152 884 1204 poeta
919 1146 972 1191 de
1009 1147 1190 1190 Romulo
1235 1146 1423 1202 dixerat,
1468 1147 1514 1190 id
1558 1148 1688 1190 etiam
1735 1146 1788 1189 de

228 1268 234 1272 ‘
282 1215 402 1260 Tatio
432 1229 509 1273 pro
539 1222 658 1259 certo
694 1216 901 1259 habebat:

476 1298 716 1340 magnaque
746 1298 848 1342 pars
868 1266 989 1328 'satio
1020 1299 1160 1328 rerum
1191 1290 1284 1329 erat
1313 1286 1424 1328 inter
1453 1298 1564 1329 ov.es

281 1354 345 1397 De
381 1354 515 1397 tribus
559 1354 752 1411 partibus
796 1354 945 1410 populi
981 1354 1161 1397 Romani
1208 1368 1305 1396 cum
1351 1353 1465 1410 apud
1510 1366 1655 1397 omnes
1699 1353 1787 1397 fere

282 1423 509 1479 scriptores
541 1422 747 1477 tradatur,
779 1435 864 1465 non
887 1422 942 1465 de
960 1423 1020 1466 eis
1052 1424 1262 1479 copiosius
1288 1422 1581 1466 disserendum
1602 1422 1786 1475 videtur3

282 1491 461 1535 fortasse
491 1490 712 1547 Propertio
743 1491 964 1534 scribenti:

408 1595 410 1597 .
456 1559 555 1602 hinc
585 1558 743 1603 Titiens
773 1559 1041 1615 Ramnesque
1070 1560 1149 1602 viri
1178 1559 1442 1614 Luceresque
1473 1559 1614 1601 coloni

280 1628 486 1671 Varronis
515 1627 649 1670 verba
684 1627 1039 1682 obversabantur,
1084 1628 1242 1685 quippe
1287 1628 1357 1682 qui
1403 1626 1552 1670 eodem
1597 1628 1787 1684 partium

281 1695 429 1738 ordine
459 1700 605 1738 utatur
633 1695 707 1748 (de
737 1696 765 1738 l.
798 1697 826 1738 l.
858 1696 908 1739 V.
941 1695 1015 1750 55)
1047 1696 1183 1749 „Ager
1212 1696 1429 1739 Romanus
1465 1697 1649 1752 primum
1679 1695 1786 1738 divi—

172 1786 188 1793 ’
236 1771 238 1774 ’
282 1777 352 1808 5ιι5
387 1764 433 1807 in
465 1765 626 1821 parteis
656 1765 744 1818 tris,
776 1778 802 1808 a
832 1777 913 1820 quo
943 1764 1078 1808 tribus
1114 1764 1337 1822 appellata
1366 1763 1627 1808 Tatiensium
1656 1764 1786 1808 Ram-

283 1834 408 1876 nium*
421 1833 649 1876 Lucerum:
681 1834 941 1886 nominatae,
973 1838 1018 1875 ut
1049 1835 1110 1875 ait
1139 1833 1315 1886 Ennius,
1347 1833 1564 1876 Tatienses
1595 1848 1622 1875 a
1651 1833 1785 1886 Tatio,

280 1900 544 1946 Ramnenses
576 1900 824 1956 a'Romulo,
854 1901 1050 1956 Luceres,
1080 1905 1126 1944 ut
1153 1900 1317 1951 Junius,
1349 1914 1376 1944 a
1405 1901 1683 1944 Lucumone“.

418 1969 502 2012 Sed
531 1960 700 2012 uberius
731 1970 942 2023 agendum
972 1975 1036 2012 est
1065 1970 1118 2011 de
1150 1982 1222 2023 e0,
1256 1970 1367 2036 quod
1398 1975 1526 2025 poeta
1555 1971 1781 2012 Romulum

282 2037 467 2122 primum
500 2036 759 2094 triumphum
790 2038 925 2092 egisse
957 2037 1101 2081 refert:

436 2150 439 2152 ,
477 2110 740 2161 „quattuor
769 2106 868 2149 hinc
899 2106 1020 2149 albos
1050 2106 1253 2149 Romulus
1283 2107 1370 2160 egit
1400 2107 1588 2162 equos“.

265 2172 391 2225 NNam
414 2173 467 2218 de
487 2186 661 2231 pompa,
692 2188 776 2229 qua
804 2174 1009 2218 Romulus
1040 2176 1086 2217 in
1116 2174 1263 2217 urbem
1294 2175 1508 2229 ingressus
1538 2175 1605 2227 sit,
1637 2180 1784 2218 narrat

282 2241 509 2298 Dionysius
539 2242 591 2286 ΙΙ.
614 2241 687 2285 34:
723 2242 964 2291 τελευταῖος
993 2240 1043 2285 δὲ
1072 2243 1148 2300 τῆς
1176 2244 1364 2300 πομπῆς
1390 2240 1518 2291 αὐτὸς
1547 2239 1785 2298 ἐπορεύετο

285 2307 455 2368 ἐσθῆτα
490 2307 572 2365 μὲν
606 2310 908 2369 ἠμφιεσμένος
942 2311 1142 2369 α’λουργῆ,
1180 2309 1411 2368 δάφνῃ-δὲ
1445 2312 1786 2366 κατεστεμμένος
1843 2363 1846 2366 ‚

282 2376 357 2427 τὰς
390 2377 547 2434 κόμας,
581 2378 654 2423 καὶ
688 2379 758 2422 ἵνα
792 2379 838 2423 ui
874 2380 1096 2435 βασίλειον
1132 2379 1300 2434 α’ξίωμα
1330 2378 1459 2436 σώζῃ,
1504 2381 1783 2437 τεθρίππῳ

76 2502 79 2506 „
282 2444 640 2511 παρεμβεβηκώς.
703 2448 812 2491 Huic
857 2448 1105 2493 adversatur
1148 2449 1399 2493 Plutarchus
1443 2450 1514 2492 vit.
1553 2449 1674 2492 Rom.
1708 2448 1780 2493 16:

68 2510 83 2548 ἶ
121 2539 132 2543 ἢ
185 2533 192 2553 ;
282 2512 455 2564 Κόσσος
481 2512 563 2570 μὲν
584 2512 663 2560 οὖν
691 2515 764 2558 καὶ
790 2514 1052 2572 Μάρκελλος
1085 2515 1172 2574 ἤδη
1210 2518 1478 2573 τεθρίπποις
1514 2516 1782 2575 εἶςήλαυνον,

419 2674 451 2721 1)
475 2673 529 2710 De
551 2674 756 2711 Lucumone
780 2674 825 2711 cf.
850 2687 884 2722 p.
909 2677 955 2714 30
981 2692 984 2694 ·
