1945 3041
879 218 1164 265 -32-'-

265 347 528 406 temporibus
563 346 863 391 celeberrimus
898 352 1009 400 erat3
1056 361 1157 392 nam
1202 348 1334 401 etiam
1370 330 1598 407 Dionysius
1639 350 1800 397 tradit,
1833 340 1845 349 ”

266 418 298 463 1.
320 417 395 461 57:
427 415 583 474 ταύτην
603 413 653 458 δὲ
675 415 739 465 εἷς
769 412 847 469 ἐμὲ
876 415 955 474 τήν
975 415 1143 473 ἡμέραν
1161 415 1378 470 Ῥωμαίων
1407 418 1439 475 ἦ
1465 417 1596 469 πόλις
1617 415 1800 477 ἑορταῖς.Δ
1834 426 1836 429 -

266 486 475 541 οὐδεμιᾶς
503 483 660 543 ἥττονα
688 485 916 541 τιθεμένη,
946 486 1050 527 καθ’
1083 483 1263 528 ἕκαστον
1295 483 1388 535 ἔτος
1423 484 1537 542 ἄγει,
1581 488 1774 532 καλοῦσα
1809 480 1838 515 ss
1896 528 1903 535 .

265 556 470 612 Παρίλια.
500 567 635 610 neque
656 552 938 597 omittendum
967 558 1043 608 est,
1076 553 1186 597 hunc
1217 554 1372 598 festum
1402 553 1516 599 diem
1547 571 1574 600 a
1603 556 1772 602 Tibullo
1836 571 1848 576 “

265 638 428 682 quoque
456 638 492 668 0.
514 622 567 667 ΙΙ.
589 622 617 666 5
648 623 847 666 maximis
876 622 1076 666 laudibus
1106 623 1328 667 celebrari.
1394 624 1532 680 Atque
1554 639 1651 669 cum
1670 625 1772 678 Pro-

266 696 426 752 pertius
457 692 615 737 Palilia
644 693 707 735 ita
737 691 958 735 describit:

403 773 471 818 75.
505 778 649 817 annua
679 777 899 829 pastorum
931 773 1139 827 convivia,
1169 773 1286 817 lusus
1306 774 1350 816 in
1381 774 1497 828 urbe,

500 856 598 884 cum
627 854 801 898 pagana
832 840 1008 884 madent
1037 841 1201 885 fercula
1231 841 1397 887 deliciis

500 924 679 966 cumque
709 924 837 967 super
867 923 985 953 raros
1016 911 1130 953 faeni
1162 909 1423 957 flammantis
1454 925 1629 954 acervos

499 979 644 1022 traicit
672 977 914 1022 immundos
943 978 1065 1023 ebria
1093 979 1219 1023 turba
1251 978 1381 1037 pedes

265 1049 470 1094 accedere
502 1047 668 1091 videtur
699 1047 754 1091 ad
785 1046 938 1091 Tibulli
970 1046 1084 1092 v.11.
1105 1046 1146 1102 5,
1163 1046 1237 1092 89:

500 1117 573 1160 1110
603 1117 710 1160 levis
740 1116 925 1174 stipulae
956 1116 1157 1160 solemnis
1188 1122 1313 1174 potus
1343 1131 1516 1162 acervos

499 1185 720 1239 accendet,
751 1184 948 1229 flammas
978 1185 1272 1242 transilietque
1303 1185 1500 1241 sacras¹).

262 1257 511 1311 Congruunt
542 1269 640 1297 cum
670 1254 735 1297 his
772 1254 909 1310 poetis
945 1258 989 1297 et
1018 1253 1246 1310 Dionysius
1276 1253 1307 1297 Ι.
1339 1252 1414 1300 88:
1472 1252 1713 1309 Ῥωμύλος.
1731 1290 1741 1301 .
1759 1289 1768 1299 .

262 1322 480 1381 πυρκαϊᾶς
498 1322 585 1378 πρὸ
605 1323 689 1364 τῶν
710 1322 881 1378 σκηνῶν
903 1323 1114 1376 γενέσθαι
1140 1319 1352 1372 κελεύσας
1382 1321 1526 1377 ἐξάγει
1554 1322 1628 1367 τὸν
1657 1318 1771 1367 λεών

260 1393 336 1443 τάς
355 1390 519 1449 φλόγας
538 1386 911 1445 ὑπερθρώσκοντα
931 1390 984 1448 τῆ
987 1405 1007 1438 ς
1026 1388 1249 1440 ὁσιώσεως
1263 1391 1347 1434 τῶν
1369 1389 1622 1447 μιασμάτων
1643 1390 1771 1436 ἕνεκα

261 1468 305 1506 01
335 1461 495 1505 Probus
532 1459 589 1503 ad
610 1459 733 1514 Verg.
763 1457 839 1502 Ge.
862 1457 934 1502 111.
965 1458 1007 1502 1:
1042 1459 1189 1511 „Pales
1219 1459 1302 1504 dea
1331 1465 1396 1504 est
1425 1466 1669 1518 pastorum,
1701 1462 1769 1504 cui

262 1531 375 1574 diem
412 1543 581 1573 sacrum
616 1527 841 1585 appellant
878 1527 1041 1571 Parilia
1077 1529 1338 1585 transposita
1380 1529 1543 1585 littera,
1588 1544 1696 1586 quae
1734 1531 1770 1574 si

262 1612 337 1643 suo
367 1599 462 1641 loco
493 1601 617 1651 esset,
650 1598 789 1652 potius
810 1596 967 1639 Palilia
997 1596 1252 1651 dicerentur,
1291 1588 1362 1653 qui
1393 1598 1484 1642 dies
1515 1598 1673 1642 natalis
1703 1603 1768 1642 est

262 1668 378 1711 urbis
407 1666 571 1709 Romae
607 1678 716 1720 quae
755 1680 782 1708 a
820 1665 1062 1721 pastoribus
1103 1669 1167 1708 est
1202 1657 1389 1711 condita.
1454 1666 1588 1710 Huius
1626 1671 1768 1710 autem

261 1737 381 1779 cuius
411 1735 519 1778 deae
550 1738 663 1777 esset
691 1734 822 1776 etiam
853 1734 957 1775 ritus
987 1733 1191 1777 declarat.
1249 1732 1359 1778 Nam
1390 1739 1434 1777 et
1464 1735 1583 1789 ignes
1614 1737 1767 1778 transi-

261 1805 384 1858 liunt,
407 1803 601 1847 accensis
622 1802 868 1845 stramentis
888 1813 1003 1844 inore
1027 1802 1198 1856 agresti,
1216 1801 1276 1845 1111
1297 1801 1409 1846 hunc
1430 1801 1542 1846 diem
1564 1802 1766 1857 colentes,

258 1874 374 1916 lacte
408 1872 579 1925 bibant,
615 1871 687 1926 qui
724 1871 885 1913 fructus
920 1884 974 1912 ex
1005 1883 1157 1926 pecore
1189 1870 1389 1913 tollitur“.
1449 1871 1681 1926 Utrumque
1711 1885 1796 1919 ex*

258 1941 452 1986 Varrone
489 1939 676 1997 pendere
713 1938 941 1982 verisimile
977 1942 1042 1981 est
1052 1937 1100 1993 ²).
1175 1937 1295 1989 Quod
1336 1944 1478 1983 autem
1520 1938 1765 1996 Propertius

258 2012 418 2054 maiore
448 2010 489 2052 vi
525 2014 568 2052 et
604 2009 815 2062 gravitate
852 2007 1030 2063 profert,
1075 2006 1237 2050 Parilia
1273 2006 1386 2051 diem
1422 2007 1614 2051 natalem
1651 2007 1767 2051 urbis

257 2080 420 2123 Romae
451 2091 562 2121 esse:
1724 2088 1735 2097 >·

445 2146 556 2205 'urbi
589 2145 721 2189 festus
752 2149 846 2187 erat
875 2168 930 2173 ——
961 2142 1107 2187 dixere
1137 2142 1295 2188 Palilia
1325 2149 1470 2201 patres

464 2216 532 2258 hic
564 2214 725 2271 priinus
757 2214 898 2269 coepit
928 2213 1150 2256 moenibus
1180 2226 1273 2256 esse
1304 2237 1357 2242 —
1390 2212 1481 2256 dies

397 2386 428 2431 ¹)
453 2385 499 2422 cf.
525 2383 627 2420 Ovid.
656 2381 829 2419 Fast.1V.
846 2381 931 2419 781:
1721 2380 1735 2414 ι’

496 2450 653 2487 moxque
678 2450 741 2485 per
765 2439 932 2474 ardentes
957 2438 1115 2484 stipulae
1138 2438 1350 2484 crepitantis
1374 2449 1522 2474 acervos
1690 2438 1696 2444 '

497 2496 646 2533 traicias
670 2495 776 2531 celeri
802 2497 949 2531 strenua
972 2495 1130 2532 membra
1144 2494 1254 2542 pede.

392 2555 425 2602 ²)
450 2555 497 2593 cf.
521 2553 697 2597 Huelsen,
729 2552 973 2593 Varronianae
1005 2552 1191 2588 doctrinae
1219 2562 1397 2598 quaenam
1427 2551 1463 2587 iu
1493 2551 1610 2588 Ovidii
1644 2551 1765 2589 Fastis

255 2612 410 2657 vestigia.
433 2613 587 2647 exstent.
612 2621 648 2656 p.
665 2610 722 2645 44.
1737 2616 1739 2619 ¹

391 2669 423 2715 ⁸)
448 2668 493 2704 cf.
518 2667 623 2705 Ovid.
648 2666 730 2703 Met.
757 2667 811 2710 14,
828 2666 912 2703 774:
943 2665 1118 2713 festisque
1140 2665 1314 2702 Palilibus
1339 2665 1437 2702 urbis

827 2724 967 2759 moenia
991 2723 1204 2759 conduntur.
