1945 3041
0 2840 70 3041 W‘ffsstssssi
14 2806 20 2810 '
2 2768 6 2774 ,
6 2732 10 2733 Ἰ
0 2688 2 2690 ¹

69 3005 110 3041 {f
104 2977 109 2981 .

903 159 1158 202 ...6-

274 286 492 343 usurpari,
543 289 679 328 totam
730 283 911 338 denique
962 282 1226 338 reipublicae
1275 282 1603 340 amplitudinem
1661 296 1688 339 q

276 354 465 409 imagine
502 352 759 397 adumbrata
793 351 1127 410 praemonstrari
1162 350 1366 403 videmus.
1426 350 1476 395 In
1512 343 1783 415 explicanti&

277 428 437 467 autem
451 406 719 478 antiquorum
749 421 938 464 moribus
966 420 1181 475 Vergilius
1217 425 1341 464 tanta
1377 425 1469 464 arte
1506 426 1568 464 et
1584 411 1826 482 dochmssssjs

276 504 376 536 usus
396 495 474 546 est,
504 495 551 534 ut
572 490 723 548 poetis,
744 489 815 545 qui
836 490 971 533 secuti
991 493 1102 544 sunt,
1124 501 1210 532 non
1230 489 1369 533 minus
1399 490 1622 534 materiam
1654 503 1739 546 qua
1799 481 1804 485 ’

279 560 481 617 exempla
511 558 1821 616 praeberet.

410 626 548 679 Quid?
607 625 758 670 Nonne
801 626 876 678 Qu.
915 626 1114 669 Horatius
1162 626 1356 669 carmina
1407 625 1464 670 ad
1515 622 1781 684 laudandum
1805 675 1822 683 ⁷*

274 699 575 754 imperatorem
605 696 779 751 eiusque
815 702 986 750 gentem
1031 694 1226 749 contulit,
1270 707 1410 738 nonne
1454 693 1688 750 contendit,
1733 700 1782 740 ut
1803 739 1829 756 (ἲ

274 765 479 822 populum
495 764 550 807 ad
566 764 836 820 antiquorum
851 763 1107 807 modestiam
1123 762 1355 807 educaret?
1384 762 1555 814 Quanta
1567 763 1779 807 suavitate
1802 816 1805 820 ,

275 847 326 877 ac
356 831 583 876 dulcedine
613 831 765 876 Albius
795 831 987 876 Tibullus
1022 833 1156 876 vitam
1191 833 1443 877 rusticorum
1480 836 1523 876 et
1559 828 1799 890 pastorum·

271 901 462 945 versibus
492 901 741 956 celebravit,
771 902 959 961 maxime
979 901 1059 944 illa
1086 901 1225 956 elegia
1255 900 1313 944 ad
1342 900 1618 944 Messalinum
1648 901 1780 944 missa

271 970 342 1025 (ll.
374 969 435 1025 5),
472 984 558 1026 qua
595 974 843 1014 nascentem
879 975 923 1013 et
960 975 1221 1014 crescentem
1265 970 1413 1013 urbem
1455 969 1637 1013 Romam
1681 981 1779 1027 pro-

271 1043 441 1082 secutus
461 1040 689 1095 imperium
709 1039 901 1093 gentium
923 1039 1154 1082 maioribus
1170 1039 1519 1095 praenuntiatum
1539 1050 1631 1081 esse
1651 1037 1778 1081 facit!
1884 1051 1903 1061 ”

504 1118 656 1173 Roma,
686 1123 806 1162 tuum
837 1131 991 1162 nomen
1020 1119 1144 1162 terris
1173 1118 1307 1162 fatale
1336 1116 1547 1172 regendis,

507 1202 593 1243 qua
622 1201 701 1231 sua
730 1186 783 1231 de
815 1187 936 1231 caelo
966 1188 1173 1244 prospicit
1203 1201 1307 1231 arva
1335 1186 1475 1240 Ceres,
1859 1236 1862 1240 ⁴

505 1270 671 1312 quaque
701 1261 853 1313 patent
882 1261 997 1300 ortus
1027 1260 1071 1299 et
1099 1270 1184 1311 qua
1212 1255 1479 1300 fluitantibus
1508 1255 1634 1299 undis
1808 1287 1810 1289 .
1899 1287 1943 1317 :w

505 1325 616 1370 Solis
646 1325 899 1368 anhelantes
930 1324 1069 1368 abluit
1098 1325 1237 1369 amnis
1267 1337 1408 1380 equos.
1525 1378 1529 1379 ⁷

409 1404 557 1460 Itaque
602 1419 698 1447 cum
740 1404 848 1447 illud
890 1404 1077 1447 studium
1123 1405 1391 1459 antiquitatis
1428 1417 1513 1447 non
1544 1418 1665 1458 casu,
1701 1403 1786 1447 sed·
1913 1441 1945 1464 „i

271 1473 427 1517 aetatis
457 1474 622 1517 ratione
653 1478 697 1517 et
724 1472 944 1517 voluntate
979 1477 1118 1517 ortum
1156 1474 1224 1528 sit,
1269 1487 1397 1529 quam
1440 1486 1566 1518 nemo
1609 1472 1776 1531 poeta&
1816 1522 1827 1525 ,
1845 1486 1945 1532 ‚4

268 1541 445 1597 defugit,
477 1555 560 1586 non
583 1543 737 1586 mirum
757 1546 835 1595 est,
866 1543 998 1585 etiam
1019 1541 1287 1598 Propertium
1308 1542 1420 1600 hanc
1441 1546 1634 1593 secutum
1663 1554 1775 1594 esse3
1866 1542 1874 1569 ’ἵ
1897 1554 1945 1584 ,τ

272 1623 408 1666 neque
439 1612 668 1667 quicquam
699 1610 817 1655 aliud
846 1611 916 1654 hic
945 1615 1075 1668 poeta
1105 1611 1327 1668 spectavit,
1358 1611 1440 1655 nisi
1470 1615 1517 1654 ut
1553 1622 1629 1668 pro
1665 1610 1776 1654 virili
1877 1625 1896 1663 ;

268 1684 391 1735 parte
422 1679 629 1736 populum
648 1680 802 1722 virtute
834 1693 885 1722 ac
915 1680 1095 1736 pristino
1126 1692 1242 1722 more
1272 1679 1482 1722 imbueret
1511 1679 1775 1734 gloriamque

268 1747 359 1792 eius
390 1752 579 1802 augeret,
610 1747 722 1804 quod
752 1748 844 1805 ipse
874 1748 1141 1805 pronuntiat:

619 1818 772 1871 exiguo
802 1817 1095 1873 quodcumque
1126 1832 1149 1860 e
1181 1821 1353 1875 pectore
1384 1818 1461 1859 rivi

543 1883 724 1940 fluxerit,
755 1885 836 1928 hoc
857 1887 1024 1943 patriae
1055 1887 1209 1930 serviet
1238 1899 1362 1929 omne
1393 1885 1570 1939 meae.²)

403 2008 434 2056 ¹)
458 2007 595 2045 Omitto
628 2008 805 2053 Ovidium,
838 2020 943 2057 quem
980 2010 1183 2057 Augustum
1218 2010 1364 2046 summis
1399 2008 1567 2046 laudibus
1592 2009 1775 2052 extulisse,
1838 2047 1841 2049 .

265 2068 306 2101 nt
329 2066 361 2101 ei
394 2065 626 2110 blandiretur,
663 2077 727 2102 ure
764 2067 883 2102 dicere
919 2078 1123 2113 possumus.
1171 2067 1303 2103 Tamen
1334 2067 1380 2105 cs.
1405 2066 1495 2103 Fast
1519 2067 1557 2111 L,
1582 2062 1775 2111 527—532,
1877 2060 1884 2069 ¹

263 2122 309 2161 Π.
333 2122 483 2167 59-66,
507 2123 566 2159 lv.
589 2123 659 2161 347
683 2125 750 2162 etc.
1654 2167 1675 2175 χ
1866 2123 1900 2175 ᾖ,

403 2181 435 2226 ²)
460 2180 601 2227 Repeto
626 2181 801 2217 hocloco
834 2182 1009 2218 Krahneri
1045 2182 1108 2218 illa
1142 2193 1214 2218 non
1249 2182 1368 2219 minus
1404 2183 1514 2218 acuta
1549 2192 1657 2229 quam
1692 2191 1777 2218 vera
1840 2179 1897 2224 '3⁴5

264 2237 376 2273 verba.
399 2236 545 2283 (Philol.
570 2239 656 2273 tom.
681 2238 727 2274 27
751 2249 785 2284 p.
811 2240 889 2284 61)2
926 2239 1103 2285 „Properz
1130 2240 1291 2275 verdieut
1313 2240 1361 2275 im
1384 2238 1537 2276 vollsten
1568 2237 1684 2275 Masso
1706 2238 1787 2275 den·

264 2293 400 2332 Namen
426 2294 524 2333 eines
556 2295 818 2344 patriotischen
849 2296 1030 2334 Dichters.
1077 2297 1182 2335 Seine
1205 2297 1467 2345 patriotischen
1490 2296 1658 2344 Elegieen
1693 2296 1779 2350 sind
1826 2294 1828 2297 ’
1851 2291 1881 2313 ”’“

263 2353 397 2389 sicher
426 2353 526 2389 nicht
570 2353 629 2388 die
664 2354 926 2390 schlechtesten
956 2354 1086 2390 Bluten
1123 2366 1169 2390 an
1212 2355 1293 2390 dem
1327 2353 1606 2391 lebensfrischen
1641 2351 1780 2401 Banme„
1817 2366 1821 2376 ³

263 2408 380 2446 seiner
402 2408 540 2448 Poesie.
589 2409 701 2446 Wenn·
725 2422 806 2448 man
832 2411 909 2448 sich
933 2411 1040 2449 miide
1064 2411 1205 2459 gelesen
1230 2423 1276 2449 an
1308 2411 1377 2449 den
1408 2411 1609 2448 erotischen
1636 2411 1778 2449 'l'ssnd'e-⁴
1824 2444 1826 2447 ,

262 2467 366 2511 leien,
391 2467 488 2503 weilt
511 2479 594 2504 man
619 2479 705 2513 geru
730 2469 786 2504 bei
810 2469 932 2505 diesen
965 2471 1119 2513 ernsten,
1150 2470 1220 2505 tief
1246 2469 1508 2516 empi'undenen
1539 2469 1613 2504 und
1644 2469 1775 2506 durch·
1818 2488 1826 2513 3

263 2523 418 2561 dachtcn
442 2523 722 2573 Darstellungen
754 2525 951 2564 romischer
977 2527 1122 2564 Grosse.
1170 2525 1243 2564 Der
1277 2526 1426 2564 Dichter
1460 2526 1526 2564 hat
1560 2525 1674 2564 selbnt
1707 2521 1828 2570 dass}
1920 2556 1942 2584 ,ἑ

262 2581 467 2634 Βειίῦζΐηὶε,
502 2583 581 2620 sich
612 2583 649 2620 in
674 2583 732 2620 die
755 2579 1002 2632 Betrachtung
1026 2585 1142 2622 dieser
1166 2585 1300 2622 Gresse
1325 2596 1369 2622 zu
1394 2585 1592 2622 versenken
1615 2585 1691 2623 und
1715 2585 1751 2630 di
1898 2577 1938 2630 *ᾖ

263 2637 454 2678 Gestalten
471 2640 536 2676 der
551 2640 645 2689 sage
660 2640 734 2676 und
759 2640 823 2680 det
839 2641 1057 2680 Geschichte
1080 2643 1117 2678 in
1142 2643 1314 2691 episcben
1330 2642 1477 2681 Bildem
1499 2640 1771 2695 darzustelless.
1789 2679 1811 2694 -,
