<?xml version="1.0" encoding="UTF-8"?>
<!DOCTYPE html PUBLIC "-//W3C//DTD XHTML 1.0 Transitional//EN"
    "http://www.w3.org/TR/xhtml1/DTD/xhtml1-transitional.dtd">
<html xmlns="http://www.w3.org/1999/xhtml" xml:lang="en" lang="en">
 <head>
  <title>
</title>
<meta http-equiv="Content-Type" content="text/html;charset=utf-8" />
  <meta name='ocr-system' content='tesseract 3.04.00' />
  <meta name='ocr-capabilities' content='ocr_page ocr_carea ocr_par ocr_line ocrx_word'/>
</head>
<body>
  <div class='ocr_page' id='page_1' title='image "4737853_0038.png"; bbox 0 0 1945 3041; ppageno 0'>
   <div class='ocr_carea' id='block_1_1' title="bbox 857 233 1140 279">
    <p class='ocr_par' dir='ltr' id='par_1_1' title="bbox 857 233 1140 279">
     <span class='ocr_line' id='line_1_1' title="bbox 857 233 1140 279; baseline 0.004 -12"><span class='ocrx_word' id='word_1_1' title='bbox 857 233 1140 279; x_wconf 72' lang='lat'>..28-</span> 
     </span>
    </p>
   </div>
   <div class='ocr_carea' id='block_1_2' title="bbox 246 359 1763 1647">
    <p class='ocr_par' dir='ltr' id='par_1_2' title="bbox 246 359 1763 1647">
     <span class='ocr_line' id='line_1_2' title="bbox 246 359 1196 416; baseline 0 -13"><span class='ocrx_word' id='word_1_2' title='bbox 246 359 420 415; x_wconf 80' lang='lat' dir='ltr'><strong>Utrique</strong></span> <span class='ocrx_word' id='word_1_3' title='bbox 453 367 593 403; x_wconf 84' lang='lat' dir='ltr'><strong>autem</strong></span> <span class='ocrx_word' id='word_1_4' title='bbox 624 361 814 416; x_wconf 76' lang='lat' dir='ltr'>querenti</span> <span class='ocrx_word' id='word_1_5' title='bbox 847 374 930 403; x_wconf 82' lang='lat' dir='ltr'><strong>nox</strong></span> <span class='ocrx_word' id='word_1_6' title='bbox 953 362 1196 404; x_wconf 88' lang='lat' dir='ltr'><strong>intervenit:</strong></span> 
     </span>
     <span class='ocr_line' id='line_1_3' title="bbox 300 427 1590 488; baseline 0.005 -17"><span class='ocrx_word' id='word_1_7' title='bbox 300 428 429 485; x_wconf 79' lang='lat' dir='ltr'><strong>Prop.</strong></span> <span class='ocrx_word' id='word_1_8' title='bbox 452 427 524 474; x_wconf 85' lang='lat'><strong>67:</strong></span> <span class='ocrx_word' id='word_1_9' title='bbox 556 428 678 483; x_wconf 80' lang='lat' dir='ltr'><strong>dixit,</strong></span> <span class='ocrx_word' id='word_1_10' title='bbox 709 434 752 472; x_wconf 90' lang='lat' dir='ltr'><strong>et</strong></span> <span class='ocrx_word' id='word_1_11' title='bbox 783 430 942 473; x_wconf 87' lang='lat' dir='ltr'><strong>incerto</strong></span> <span class='ocrx_word' id='word_1_12' title='bbox 975 430 1167 487; x_wconf 77' lang='lat' dir='ltr'><strong>permisit</strong></span> <span class='ocrx_word' id='word_1_13' title='bbox 1199 430 1398 475; x_wconf 84' lang='lat' dir='ltr'><strong>bracchia</strong></span> <span class='ocrx_word' id='word_1_14' title='bbox 1429 445 1590 488; x_wconf 86' lang='lat' dir='ltr'><strong>somno,</strong></span> 
     </span>
     <span class='ocr_line' id='line_1_4' title="bbox 559 491 1560 542; baseline 0.001 -2"><span class='ocrx_word' id='word_1_15' title='bbox 559 499 703 540; x_wconf 80' lang='lat' dir='ltr'><strong>nescia</strong></span> <span class='ocrx_word' id='word_1_16' title='bbox 733 512 810 540; x_wconf 75' lang='lat' dir='ltr'><strong>vae</strong></span> <span class='ocrx_word' id='word_1_17' title='bbox 843 499 960 541; x_wconf 82' lang='lat' dir='ltr'><strong>furiis</strong></span> <span class='ocrx_word' id='word_1_18' title='bbox 991 499 1239 541; x_wconf 79' lang='lat' dir='ltr'><strong>accubuisse</strong></span> <span class='ocrx_word' id='word_1_19' title='bbox 1270 500 1402 542; x_wconf 80' lang='lat' dir='ltr'><strong>novis.</strong></span> <span class='ocrx_word' id='word_1_20' title='bbox 1554 491 1560 498; x_wconf 81' lang='grc'><strong>’</strong></span> 
     </span>
     <span class='ocr_line' id='line_1_5' title="bbox 558 565 1542 623; baseline 0.004 -16"><span class='ocrx_word' id='word_1_21' title='bbox 558 579 657 609; x_wconf 88' lang='lat' dir='ltr'><strong>nam</strong></span> <span class='ocrx_word' id='word_1_22' title='bbox 689 565 835 619; x_wconf 84' lang='lat' dir='ltr'><strong>Vesta,</strong></span> <span class='ocrx_word' id='word_1_23' title='bbox 868 565 1026 609; x_wconf 87' lang='lat' dir='ltr'><strong>Iliacae</strong></span> <span class='ocrx_word' id='word_1_24' title='bbox 1057 566 1160 610; x_wconf 86' lang='lat' dir='ltr'><strong>felix</strong></span> <span class='ocrx_word' id='word_1_25' title='bbox 1191 567 1326 610; x_wconf 87' lang='lat' dir='ltr'><strong>tutela</strong></span> <span class='ocrx_word' id='word_1_26' title='bbox 1354 567 1542 623; x_wconf 81' lang='lat' dir='ltr'><strong>favillae,</strong></span> 
     </span>
     <span class='ocr_line' id='line_1_6' title="bbox 558 633 1752 691; baseline 0.003 -16"><span class='ocrx_word' id='word_1_27' title='bbox 558 633 759 690; x_wconf 87' lang='lat' dir='ltr'><strong>culpam</strong></span> <span class='ocrx_word' id='word_1_28' title='bbox 791 634 885 676; x_wconf 87' lang='lat' dir='ltr'><strong>alit</strong></span> <span class='ocrx_word' id='word_1_29' title='bbox 917 640 964 677; x_wconf 90' lang='lat' dir='ltr'><strong>et</strong></span> <span class='ocrx_word' id='word_1_30' title='bbox 996 635 1169 691; x_wconf 87' lang='lat' dir='ltr'><strong>plures</strong></span> <span class='ocrx_word' id='word_1_31' title='bbox 1191 635 1365 678; x_wconf 85' lang='lat' dir='ltr'><strong>condit</strong></span> <span class='ocrx_word' id='word_1_32' title='bbox 1393 635 1442 678; x_wconf 88' lang='lat' dir='ltr'><strong>in</strong></span> <span class='ocrx_word' id='word_1_33' title='bbox 1463 648 1579 679; x_wconf 84' lang='lat' dir='ltr'><strong>ossa</strong></span> <span class='ocrx_word' id='word_1_34' title='bbox 1601 637 1752 681; x_wconf 85' lang='lat' dir='ltr'><strong>faces.</strong></span> 
     </span>
     <span class='ocr_line' id='line_1_7' title="bbox 386 699 1520 748; baseline 0.004 -5"><span class='ocrx_word' id='word_1_35' title='bbox 386 702 459 745; x_wconf 73' lang='lat' dir='ltr'><strong>Or.</strong></span> <span class='ocrx_word' id='word_1_36' title='bbox 484 699 560 744; x_wconf 84' lang='lat'><strong>81:</strong></span> <span class='ocrx_word' id='word_1_37' title='bbox 592 700 714 748; x_wconf 88' lang='lat' dir='ltr'><strong>Talia</strong></span> <span class='ocrx_word' id='word_1_38' title='bbox 744 700 902 745; x_wconf 82' lang='lat' dir='ltr'><strong>(licenti</strong></span> <span class='ocrx_word' id='word_1_39' title='bbox 935 717 1129 746; x_wconf 80' lang='lat' dir='ltr'><strong>curarum</strong></span> <span class='ocrx_word' id='word_1_40' title='bbox 1160 704 1349 747; x_wconf 83' lang='lat' dir='ltr'><strong>maxima</strong></span> <span class='ocrx_word' id='word_1_41' title='bbox 1380 704 1520 747; x_wconf 84' lang='lat' dir='ltr'><strong>nutrix</strong></span> 
     </span>
     <span class='ocr_line' id='line_1_8' title="bbox 408 771 1753 827; baseline 0.002 -16"><span class='ocrx_word' id='word_1_42' title='bbox 408 772 411 773; x_wconf 47' lang='lat'><em>⁷</em></span> <span class='ocrx_word' id='word_1_43' title='bbox 597 784 680 812; x_wconf 85' lang='lat' dir='ltr'><strong>nox</strong></span> <span class='ocrx_word' id='word_1_44' title='bbox 712 771 950 824; x_wconf 74' lang='lat' dir='ltr'><strong>intervenit,</strong></span> <span class='ocrx_word' id='word_1_45' title='bbox 984 771 1310 827; x_wconf 76' lang='lat' dir='ltr'><strong>tenebrisque</strong></span> <span class='ocrx_word' id='word_1_46' title='bbox 1332 771 1549 815; x_wconf 84' lang='lat' dir='ltr'><strong>audacia</strong></span> <span class='ocrx_word' id='word_1_47' title='bbox 1580 774 1753 816; x_wconf 80' lang='lat' dir='ltr'><strong>crevit.</strong></span> 
     </span>
     <span class='ocr_line' id='line_1_9' title="bbox 388 836 1237 896; baseline 0.002 -15"><span class='ocrx_word' id='word_1_48' title='bbox 388 838 453 882; x_wconf 79' lang='lat' dir='ltr'><strong>Pr.</strong></span> <span class='ocrx_word' id='word_1_49' title='bbox 477 836 552 881; x_wconf 80' lang='lat'><strong>85:</strong></span> <span class='ocrx_word' id='word_1_50' title='bbox 586 839 731 882; x_wconf 87' lang='lat' dir='ltr'><strong>omnia</strong></span> <span class='ocrx_word' id='word_1_51' title='bbox 760 839 1026 896; x_wconf 77' lang='lat' dir='ltr'>praebebant</span> <span class='ocrx_word' id='word_1_52' title='bbox 1055 853 1237 883; x_wconf 82' lang='lat' dir='ltr'><strong>somnos.</strong></span> 
     </span>
     <span class='ocr_line' id='line_1_10' title="bbox 387 905 1660 964; baseline 0.002 -15"><span class='ocrx_word' id='word_1_53' title='bbox 387 908 460 951; x_wconf 73' lang='lat' dir='ltr'><strong>Or.</strong></span> <span class='ocrx_word' id='word_1_54' title='bbox 483 905 558 950; x_wconf 83' lang='lat'><strong>83:</strong></span> <span class='ocrx_word' id='word_1_55' title='bbox 592 908 731 964; x_wconf 85' lang='lat' dir='ltr'><strong>prima</strong></span> <span class='ocrx_word' id='word_1_56' title='bbox 760 909 877 964; x_wconf 90' lang='lat' dir='ltr'><strong>quies</strong></span> <span class='ocrx_word' id='word_1_57' title='bbox 908 908 1070 963; x_wconf 86' lang='lat' dir='ltr'><strong>aderat,</strong></span> <span class='ocrx_word' id='word_1_58' title='bbox 1102 908 1184 964; x_wconf 70' lang='lat' dir='ltr'><strong>qua</strong></span> <span class='ocrx_word' id='word_1_59' title='bbox 1215 910 1326 952; x_wconf 80' lang='lat' dir='ltr'><strong>curis</strong></span> <span class='ocrx_word' id='word_1_60' title='bbox 1356 910 1468 953; x_wconf 85' lang='lat' dir='ltr'><strong>fessa</strong></span> <span class='ocrx_word' id='word_1_61' title='bbox 1498 909 1660 953; x_wconf 88' lang='lat' dir='ltr'><strong>diurnis</strong></span> 
     </span>
     <span class='ocr_line' id='line_1_11' title="bbox 591 977 1138 1032; baseline 0 -14"><span class='ocrx_word' id='word_1_62' title='bbox 591 981 764 1032; x_wconf 75' lang='lat' dir='ltr'>pectora</span> <span class='ocrx_word' id='word_1_63' title='bbox 794 990 965 1020; x_wconf 83' lang='lat' dir='ltr'>somnus</span> <span class='ocrx_word' id='word_1_64' title='bbox 998 977 1138 1020; x_wconf 87' lang='lat' dir='ltr'><strong>habet.</strong></span> 
     </span>
     <span class='ocr_line' id='line_1_12' title="bbox 250 1044 1757 1102; baseline 0.004 -19"><span class='ocrx_word' id='word_1_65' title='bbox 250 1044 417 1087; x_wconf 67' lang='lat' dir='ltr'><strong>Scelere</strong></span> <span class='ocrx_word' id='word_1_66' title='bbox 440 1045 684 1099; x_wconf 80' lang='lat' dir='ltr'><strong>commisso,</strong></span> <span class='ocrx_word' id='word_1_67' title='bbox 715 1050 905 1100; x_wconf 84' lang='lat' dir='ltr'><strong>utraque,</strong></span> <span class='ocrx_word' id='word_1_68' title='bbox 937 1050 1161 1102; x_wconf 78' lang='lat' dir='ltr'>postquam</span> <span class='ocrx_word' id='word_1_69' title='bbox 1181 1045 1286 1088; x_wconf 85' lang='lat' dir='ltr'><strong>adiit</strong></span> <span class='ocrx_word' id='word_1_70' title='bbox 1317 1045 1482 1100; x_wconf 86' lang='lat' dir='ltr'><strong>ducem,</strong></span> <span class='ocrx_word' id='word_1_71' title='bbox 1514 1051 1559 1089; x_wconf 91' lang='lat' dir='ltr'><strong>ut</strong></span> <span class='ocrx_word' id='word_1_72' title='bbox 1590 1046 1757 1089; x_wconf 79' lang='lat' dir='ltr'><strong>dulcem</strong></span> 
     </span>
     <span class='ocr_line' id='line_1_13' title="bbox 252 1111 1582 1170; baseline 0.002 -17"><span class='ocrx_word' id='word_1_73' title='bbox 252 1111 490 1154; x_wconf 78' lang='lat' dir='ltr'><strong>mercedem</strong></span> <span class='ocrx_word' id='word_1_74' title='bbox 525 1112 775 1168; x_wconf 78' lang='lat' dir='ltr'><strong>proditionis</strong></span> <span class='ocrx_word' id='word_1_75' title='bbox 807 1115 1005 1170; x_wconf 82' lang='lat' dir='ltr'><strong>accipiat,</strong></span> <span class='ocrx_word' id='word_1_76' title='bbox 1039 1114 1093 1156; x_wconf 87' lang='lat' dir='ltr'><strong>ab</strong></span> <span class='ocrx_word' id='word_1_77' title='bbox 1125 1114 1198 1156; x_wconf 89' lang='lat' dir='ltr'><strong>illo</strong></span> <span class='ocrx_word' id='word_1_78' title='bbox 1230 1115 1356 1157; x_wconf 89' lang='lat' dir='ltr'><strong>morti</strong></span> <span class='ocrx_word' id='word_1_79' title='bbox 1388 1114 1582 1156; x_wconf 89' lang='lat' dir='ltr'><strong>obicitur.</strong></span> 
     </span>
     <span class='ocr_line' id='line_1_14' title="bbox 388 1179 1758 1239; baseline 0.003 -18"><span class='ocrx_word' id='word_1_80' title='bbox 388 1179 546 1231; x_wconf 83' lang='lat' dir='ltr'><strong>Quibus</strong></span> <span class='ocrx_word' id='word_1_81' title='bbox 582 1181 626 1223; x_wconf 89' lang='lat' dir='ltr'><strong>in</strong></span> <span class='ocrx_word' id='word_1_82' title='bbox 664 1180 819 1226; x_wconf 86' lang='lat' dir='ltr'><strong>fabulis</strong></span> <span class='ocrx_word' id='word_1_83' title='bbox 863 1181 1131 1239; x_wconf 81' lang='lat' dir='ltr'><strong>explicandis</strong></span> <span class='ocrx_word' id='word_1_84' title='bbox 1170 1181 1366 1226; x_wconf 83' lang='lat' dir='ltr'><strong>Ovidium</strong></span> <span class='ocrx_word' id='word_1_85' title='bbox 1408 1186 1452 1225; x_wconf 89' lang='lat' dir='ltr'><strong>et</strong></span> <span class='ocrx_word' id='word_1_86' title='bbox 1492 1181 1758 1238; x_wconf 87' lang='lat' dir='ltr'><strong>Propertium</strong></span> 
     </span>
     <span class='ocr_line' id='line_1_15' title="bbox 252 1249 1757 1305; baseline 0.001 -15"><span class='ocrx_word' id='word_1_87' title='bbox 252 1263 496 1303; x_wconf 77' lang='lat' dir='ltr'><strong>congruere,</strong></span> <span class='ocrx_word' id='word_1_88' title='bbox 529 1263 654 1292; x_wconf 88' lang='lat' dir='ltr'><strong>nemo</strong></span> <span class='ocrx_word' id='word_1_89' title='bbox 671 1251 857 1303; x_wconf 84' lang='lat' dir='ltr'><strong>negabit.</strong></span> <span class='ocrx_word' id='word_1_90' title='bbox 909 1250 1055 1305; x_wconf 88' lang='lat' dir='ltr'><strong>Itaque</strong></span> <span class='ocrx_word' id='word_1_91' title='bbox 1088 1256 1273 1293; x_wconf 86' lang='lat' dir='ltr'><strong>nostrum</strong></span> <span class='ocrx_word' id='word_1_92' title='bbox 1307 1255 1371 1293; x_wconf 88' lang='lat' dir='ltr'><strong>est</strong></span> <span class='ocrx_word' id='word_1_93' title='bbox 1398 1263 1612 1304; x_wconf 76' lang='lat' dir='ltr'><strong>quaerere,</strong></span> <span class='ocrx_word' id='word_1_94' title='bbox 1643 1249 1757 1292; x_wconf 85' lang='lat' dir='ltr'><strong>unde</strong></span> 
     </span>
     <span class='ocr_line' id='line_1_16' title="bbox 254 1317 1758 1374; baseline 0.001 -15"><span class='ocrx_word' id='word_1_95' title='bbox 254 1318 328 1360; x_wconf 88' lang='lat' dir='ltr'><strong>illa</strong></span> <span class='ocrx_word' id='word_1_96' title='bbox 350 1318 458 1360; x_wconf 84' lang='lat' dir='ltr'><strong>mira</strong></span> <span class='ocrx_word' id='word_1_97' title='bbox 479 1317 712 1361; x_wconf 79' lang='lat' dir='ltr'><strong>similitudo</strong></span> <span class='ocrx_word' id='word_1_98' title='bbox 733 1323 827 1361; x_wconf 86' lang='lat' dir='ltr'><strong>orta</strong></span> <span class='ocrx_word' id='word_1_99' title='bbox 848 1319 914 1362; x_wconf 80' lang='lat' dir='ltr'><strong>sit.</strong></span> <span class='ocrx_word' id='word_1_100' title='bbox 960 1318 1220 1374; x_wconf 77' lang='lat' dir='ltr'><strong>Quamquam</strong></span> <span class='ocrx_word' id='word_1_101' title='bbox 1242 1318 1418 1373; x_wconf 79' lang='lat' dir='ltr'><strong>singulis</strong></span> <span class='ocrx_word' id='word_1_102' title='bbox 1439 1317 1544 1361; x_wconf 90' lang='lat' dir='ltr'><strong>locis</strong></span> <span class='ocrx_word' id='word_1_103' title='bbox 1564 1317 1758 1361; x_wconf 86' lang='lat' dir='ltr'><strong>Ovidium</strong></span> 
     </span>
     <span class='ocr_line' id='line_1_17' title="bbox 253 1386 1758 1443; baseline 0 -16"><span class='ocrx_word' id='word_1_104' title='bbox 253 1386 461 1442; x_wconf 82' lang='lat' dir='ltr'><strong>Propertii</strong></span> <span class='ocrx_word' id='word_1_105' title='bbox 485 1386 681 1442; x_wconf 81' lang='lat' dir='ltr'><strong>exemplo</strong></span> <span class='ocrx_word' id='word_1_106' title='bbox 705 1401 826 1429; x_wconf 89' lang='lat' dir='ltr'><strong>usum</strong></span> <span class='ocrx_word' id='word_1_107' title='bbox 848 1401 939 1430; x_wconf 86' lang='lat' dir='ltr'><strong>csse</strong></span> <span class='ocrx_word' id='word_1_108' title='bbox 971 1388 1347 1443; x_wconf 74' lang='lat' dir='ltr'><strong>mihipersuasum</strong></span> <span class='ocrx_word' id='word_1_109' title='bbox 1368 1392 1445 1439; x_wconf 85' lang='lat' dir='ltr'><strong>est,</strong></span> <span class='ocrx_word' id='word_1_110' title='bbox 1476 1391 1632 1439; x_wconf 87' lang='lat' dir='ltr'><strong>tamen,</strong></span> <span class='ocrx_word' id='word_1_111' title='bbox 1664 1400 1758 1428; x_wconf 84' lang='lat' dir='ltr'><strong>cum</strong></span> 
     </span>
     <span class='ocr_line' id='line_1_18' title="bbox 253 1452 1763 1510; baseline -0.001 -13"><span class='ocrx_word' id='word_1_112' title='bbox 253 1454 489 1509; x_wconf 78' lang='lat' dir='ltr'><strong>aequa-litas</strong></span> <span class='ocrx_word' id='word_1_113' title='bbox 520 1455 705 1497; x_wconf 84' lang='lat' dir='ltr'><strong>maxime</strong></span> <span class='ocrx_word' id='word_1_114' title='bbox 742 1455 785 1497; x_wconf 91' lang='lat' dir='ltr'><strong>in</strong></span> <span class='ocrx_word' id='word_1_115' title='bbox 816 1455 1108 1510; x_wconf 79' lang='lat' dir='ltr'><strong>lineamentis,</strong></span> <span class='ocrx_word' id='word_1_116' title='bbox 1146 1461 1191 1498; x_wconf 89' lang='lat' dir='ltr'><strong>ut</strong></span> <span class='ocrx_word' id='word_1_117' title='bbox 1230 1456 1289 1498; x_wconf 86' lang='lat' dir='ltr'><strong>ita</strong></span> <span class='ocrx_word' id='word_1_118' title='bbox 1325 1454 1486 1508; x_wconf 83' lang='lat' dir='ltr'><strong>dicam,</strong></span> <span class='ocrx_word' id='word_1_119' title='bbox 1524 1452 1763 1497; x_wconf 78' lang='lat' dir='ltr'><strong>carminum</strong></span> 
     </span>
     <span class='ocr_line' id='line_1_19' title="bbox 253 1520 1761 1579; baseline 0.001 -15"><span class='ocrx_word' id='word_1_120' title='bbox 253 1523 395 1578; x_wconf 88' lang='lat' dir='ltr'><strong>posita</strong></span> <span class='ocrx_word' id='word_1_121' title='bbox 430 1523 503 1575; x_wconf 90' lang='lat' dir='ltr'><strong>sit,</strong></span> <span class='ocrx_word' id='word_1_122' title='bbox 542 1522 739 1565; x_wconf 85' lang='lat' dir='ltr'><strong>Ovidium</strong></span> <span class='ocrx_word' id='word_1_123' title='bbox 779 1528 822 1564; x_wconf 85' lang='lat' dir='ltr'><strong>et</strong></span> <span class='ocrx_word' id='word_1_124' title='bbox 859 1520 1124 1579; x_wconf 86' lang='lat' dir='ltr'><strong>Propertium</strong></span> <span class='ocrx_word' id='word_1_125' title='bbox 1162 1522 1309 1565; x_wconf 86' lang='lat' dir='ltr'><strong>eodem</strong></span> <span class='ocrx_word' id='word_1_126' title='bbox 1343 1536 1394 1566; x_wconf 82' lang='lat' dir='ltr'><strong>ex</strong></span> <span class='ocrx_word' id='word_1_127' title='bbox 1426 1522 1543 1566; x_wconf 89' lang='lat' dir='ltr'><strong>sonte</strong></span> <span class='ocrx_word' id='word_1_128' title='bbox 1572 1522 1761 1565; x_wconf 80' lang='lat' dir='ltr'><strong>hausisse</strong></span> 
     </span>
     <span class='ocr_line' id='line_1_20' title="bbox 255 1589 1761 1647; baseline 0 -15"><span class='ocrx_word' id='word_1_129' title='bbox 255 1589 550 1633; x_wconf 82' lang='lat' dir='ltr'><strong>coniciendum</strong></span> <span class='ocrx_word' id='word_1_130' title='bbox 585 1595 661 1634; x_wconf 85' lang='lat' dir='ltr'><strong>cst.</strong></span> <span class='ocrx_word' id='word_1_131' title='bbox 697 1590 814 1634; x_wconf 25' lang='lat' dir='ltr'><strong>‘Puto</strong></span> <span class='ocrx_word' id='word_1_132' title='bbox 846 1592 987 1645; x_wconf 81' lang='lat' dir='ltr'><strong>igitur,</strong></span> <span class='ocrx_word' id='word_1_133' title='bbox 1031 1591 1297 1647; x_wconf 86' lang='lat' dir='ltr'><strong>Propertium</strong></span> <span class='ocrx_word' id='word_1_134' title='bbox 1321 1592 1363 1633; x_wconf 88' lang='lat' dir='ltr'><strong>in</strong></span> <span class='ocrx_word' id='word_1_135' title='bbox 1385 1590 1592 1646; x_wconf 82' lang='lat' dir='ltr'><strong>Tarpeiae</strong></span> <span class='ocrx_word' id='word_1_136' title='bbox 1612 1590 1761 1633; x_wconf 86' lang='lat' dir='ltr'><strong>fabula</strong></span> 
     </span>
    </p>
   </div>
   <div class='ocr_carea' id='block_1_3' title="bbox 255 1655 1830 1717">
    <p class='ocr_par' dir='ltr' id='par_1_3' title="bbox 255 1655 1830 1717">
     <span class='ocr_line' id='line_1_21' title="bbox 255 1655 1830 1717; baseline 0.002 -18"><span class='ocrx_word' id='word_1_137' title='bbox 255 1655 565 1702; x_wconf 70' lang='lat' dir='ltr'><strong>co‘nformanda</strong></span> <span class='ocrx_word' id='word_1_138' title='bbox 609 1659 665 1702; x_wconf 86' lang='lat' dir='ltr'><strong>ad</strong></span> <span class='ocrx_word' id='word_1_139' title='bbox 710 1674 804 1702; x_wconf 89' lang='lat' dir='ltr'><strong>cum</strong></span> <span class='ocrx_word' id='word_1_140' title='bbox 849 1664 1065 1702; x_wconf 78' lang='lat' dir='ltr'><strong>auctorem</strong></span> <span class='ocrx_word' id='word_1_141' title='bbox 1109 1660 1356 1713; x_wconf 78' lang='lat' dir='ltr'><strong>accessisse,</strong></span> <span class='ocrx_word' id='word_1_142' title='bbox 1403 1673 1428 1701; x_wconf 88' lang='lat' dir='ltr'><strong>a</strong></span> <span class='ocrx_word' id='word_1_143' title='bbox 1474 1671 1554 1713; x_wconf 89' lang='lat' dir='ltr'><strong>quo</strong></span> <span class='ocrx_word' id='word_1_144' title='bbox 1588 1657 1760 1702; x_wconf 82' lang='lat' dir='ltr'><strong>Ovidius</strong></span> <span class='ocrx_word' id='word_1_145' title='bbox 1817 1712 1830 1717; x_wconf 21' lang='lat' dir='ltr'>N</span> 
     </span>
    </p>
   </div>
   <div class='ocr_carea' id='block_1_4' title="bbox 256 1727 1762 1919">
    <p class='ocr_par' dir='ltr' id='par_1_4' title="bbox 256 1727 1762 1919">
     <span class='ocr_line' id='line_1_22' title="bbox 257 1727 1210 1784; baseline 0 -15"><span class='ocrx_word' id='word_1_146' title='bbox 257 1727 547 1770; x_wconf 82' lang='lat' dir='ltr'><strong>narrationem</strong></span> <span class='ocrx_word' id='word_1_147' title='bbox 578 1727 747 1784; x_wconf 82' lang='lat' dir='ltr'><strong>Scyllae</strong></span> <span class='ocrx_word' id='word_1_148' title='bbox 778 1729 949 1772; x_wconf 87' lang='lat' dir='ltr'><strong>sceleris</strong></span> <span class='ocrx_word' id='word_1_149' title='bbox 980 1729 1210 1784; x_wconf 88' lang='lat' dir='ltr'><strong>repetierit.</strong></span> 
     </span>
     <span class='ocr_line' id='line_1_23' title="bbox 391 1794 1759 1850; baseline -0.001 -12"><span class='ocrx_word' id='word_1_150' title='bbox 391 1795 475 1838; x_wconf 86' lang='lat' dir='ltr'><strong>Sed</strong></span> <span class='ocrx_word' id='word_1_151' title='bbox 506 1794 763 1839; x_wconf 88' lang='lat' dir='ltr'><strong>difficillima</strong></span> <span class='ocrx_word' id='word_1_152' title='bbox 799 1801 862 1840; x_wconf 85' lang='lat' dir='ltr'><strong>cst</strong></span> <span class='ocrx_word' id='word_1_153' title='bbox 898 1796 950 1840; x_wconf 92' lang='lat' dir='ltr'><strong>dc</strong></span> <span class='ocrx_word' id='word_1_154' title='bbox 982 1796 1060 1839; x_wconf 89' lang='lat' dir='ltr'><strong>hoc</strong></span> <span class='ocrx_word' id='word_1_155' title='bbox 1099 1797 1309 1838; x_wconf 86' lang='lat' dir='ltr'><strong>communi</strong></span> <span class='ocrx_word' id='word_1_156' title='bbox 1349 1801 1520 1838; x_wconf 81' lang='lat' dir='ltr'><strong>auctore</strong></span> <span class='ocrx_word' id='word_1_157' title='bbox 1556 1796 1759 1850; x_wconf 77' lang='lat' dir='ltr'><strong>quaestio,</strong></span> 
     </span>
     <span class='ocr_line' id='line_1_24' title="bbox 256 1854 1762 1919; baseline -0.001 -13"><span class='ocrx_word' id='word_1_158' title='bbox 256 1864 345 1906; x_wconf 84' lang='lat' dir='ltr'><strong>Hoc</strong></span> <span class='ocrx_word' id='word_1_159' title='bbox 377 1877 481 1907; x_wconf 88' lang='lat' dir='ltr'><strong>sane</strong></span> <span class='ocrx_word' id='word_1_160' title='bbox 513 1865 623 1907; x_wconf 89' lang='lat' dir='ltr'><strong>inter</strong></span> <span class='ocrx_word' id='word_1_161' title='bbox 652 1877 799 1908; x_wconf 70' lang='lat' dir='ltr'><strong>onmes</strong></span> <span class='ocrx_word' id='word_1_162' title='bbox 830 1854 1018 1919; x_wconf 75' lang='lat' dir='ltr'><strong>constat,</strong></span> <span class='ocrx_word' id='word_1_163' title='bbox 1056 1865 1251 1908; x_wconf 84' lang='lat' dir='ltr'><strong>Ovidium</strong></span> <span class='ocrx_word' id='word_1_164' title='bbox 1289 1865 1332 1906; x_wconf 92' lang='lat' dir='ltr'><strong>in</strong></span> <span class='ocrx_word' id='word_1_165' title='bbox 1363 1863 1762 1919; x_wconf 87' lang='lat' dir='ltr'><strong>Metamorphoscon</strong></span> 
     </span>
    </p>
   </div>
   <div class='ocr_carea' id='block_1_5' title="bbox 255 1931 1788 1990">
    <p class='ocr_par' dir='ltr' id='par_1_5' title="bbox 255 1931 1788 1990">
     <span class='ocr_line' id='line_1_25' title="bbox 255 1931 1788 1990; baseline -0.001 -16"><span class='ocrx_word' id='word_1_166' title='bbox 255 1932 375 1976; x_wconf 86' lang='lat' dir='ltr'><strong>libris</strong></span> <span class='ocrx_word' id='word_1_167' title='bbox 398 1932 717 1976; x_wconf 89' lang='lat' dir='ltr'><strong>conscribendis</strong></span> <span class='ocrx_word' id='word_1_168' title='bbox 733 1933 1119 1977; x_wconf 82' lang='lat' dir='ltr'><strong>Alexandrinorum</strong></span> <span class='ocrx_word' id='word_1_169' title='bbox 1142 1939 1365 1990; x_wconf 85' lang='lat' dir='ltr'><strong>poetarum</strong></span> <span class='ocrx_word' id='word_1_170' title='bbox 1387 1932 1600 1976; x_wconf 89' lang='lat' dir='ltr'><strong>aemulum</strong></span> <span class='ocrx_word' id='word_1_171' title='bbox 1615 1931 1762 1984; x_wconf 83' lang='lat' dir='ltr'><strong>suissc3</strong></span> <span class='ocrx_word' id='word_1_172' title='bbox 1782 1952 1788 1956; x_wconf 90' lang='lat'><em>-</em></span> 
     </span>
    </p>
   </div>
   <div class='ocr_carea' id='block_1_6' title="bbox 256 1999 1769 2537">
    <p class='ocr_par' dir='ltr' id='par_1_6' title="bbox 256 1999 1769 2537">
     <span class='ocr_line' id='line_1_26' title="bbox 256 1999 1763 2056; baseline -0.001 -12"><span class='ocrx_word' id='word_1_173' title='bbox 256 2006 382 2056; x_wconf 87' lang='lat' dir='ltr'><strong>atque</strong></span> <span class='ocrx_word' id='word_1_174' title='bbox 414 2001 535 2044; x_wconf 86' lang='lat' dir='ltr'><strong>huius</strong></span> <span class='ocrx_word' id='word_1_175' title='bbox 566 2002 767 2045; x_wconf 85' lang='lat' dir='ltr'><strong>carminis</strong></span> <span class='ocrx_word' id='word_1_176' title='bbox 800 2007 1094 2056; x_wconf 84' lang='lat' dir='ltr'><strong>argumentum</strong></span> <span class='ocrx_word' id='word_1_177' title='bbox 1127 2016 1177 2045; x_wconf 82' lang='lat' dir='ltr'><strong>ex</strong></span> <span class='ocrx_word' id='word_1_178' title='bbox 1201 2001 1417 2045; x_wconf 84' lang='lat' dir='ltr'><strong>Parthenii</strong></span> <span class='ocrx_word' id='word_1_179' title='bbox 1449 1999 1763 2044; x_wconf 86' lang='lat' dir='ltr'><strong>narrationibus</strong></span> 
     </span>
     <span class='ocr_line' id='line_1_27' title="bbox 256 2068 1762 2126; baseline -0.002 -14"><span class='ocrx_word' id='word_1_180' title='bbox 256 2071 475 2112; x_wconf 84' lang='lat' dir='ltr'><strong>amatoriis</strong></span> <span class='ocrx_word' id='word_1_181' title='bbox 496 2084 592 2112; x_wconf 91' lang='lat' dir='ltr'><strong>cum</strong></span> <span class='ocrx_word' id='word_1_182' title='bbox 613 2071 859 2126; x_wconf 86' lang='lat' dir='ltr'><strong>repetivisse</strong></span> <span class='ocrx_word' id='word_1_183' title='bbox 890 2071 1125 2113; x_wconf 88' lang='lat' dir='ltr'><strong>communis</strong></span> <span class='ocrx_word' id='word_1_184' title='bbox 1156 2071 1299 2126; x_wconf 88' lang='lat' dir='ltr'><strong>opinio</strong></span> <span class='ocrx_word' id='word_1_185' title='bbox 1330 2070 1423 2112; x_wconf 88' lang='lat' dir='ltr'><strong>fert.</strong></span> <span class='ocrx_word' id='word_1_186' title='bbox 1475 2068 1580 2111; x_wconf 86' lang='lat' dir='ltr'><strong>Cum</strong></span> <span class='ocrx_word' id='word_1_187' title='bbox 1602 2072 1762 2121; x_wconf 86' lang='lat' dir='ltr'><strong>autem,</strong></span> 
     </span>
     <span class='ocr_line' id='line_1_28' title="bbox 256 2136 1767 2194; baseline -0.001 -16"><span class='ocrx_word' id='word_1_188' title='bbox 256 2142 461 2193; x_wconf 84' lang='lat' dir='ltr'><strong>quantum</strong></span> <span class='ocrx_word' id='word_1_189' title='bbox 484 2137 658 2181; x_wconf 86' lang='lat' dir='ltr'><strong>Ovidius</strong></span> <span class='ocrx_word' id='word_1_190' title='bbox 679 2151 731 2179; x_wconf 87' lang='lat' dir='ltr'><strong>ex</strong></span> <span class='ocrx_word' id='word_1_191' title='bbox 755 2150 804 2180; x_wconf 90' lang='lat' dir='ltr'><strong>eo</strong></span> <span class='ocrx_word' id='word_1_192' title='bbox 826 2137 1025 2194; x_wconf 83' lang='lat' dir='ltr'><strong>pendeat,</strong></span> <span class='ocrx_word' id='word_1_193' title='bbox 1047 2139 1091 2180; x_wconf 92' lang='lat' dir='ltr'><strong>in</strong></span> <span class='ocrx_word' id='word_1_194' title='bbox 1112 2152 1279 2182; x_wconf 84' lang='lat' dir='ltr'><strong>summa</strong></span> <span class='ocrx_word' id='word_1_195' title='bbox 1294 2137 1566 2192; x_wconf 88' lang='lat' dir='ltr'><strong>reliquiarum</strong></span> <span class='ocrx_word' id='word_1_196' title='bbox 1588 2136 1767 2192; x_wconf 82' lang='lat' dir='ltr'><strong>penuria</strong></span> 
     </span>
     <span class='ocr_line' id='line_1_29' title="bbox 257 2203 1768 2262; baseline -0.002 -13"><span class='ocrx_word' id='word_1_197' title='bbox 257 2206 457 2260; x_wconf 82' lang='lat' dir='ltr'><strong>cognosci</strong></span> <span class='ocrx_word' id='word_1_198' title='bbox 489 2218 574 2248; x_wconf 91' lang='lat' dir='ltr'><strong>non</strong></span> <span class='ocrx_word' id='word_1_199' title='bbox 595 2206 742 2262; x_wconf 86' lang='lat' dir='ltr'><strong>possit,</strong></span> <span class='ocrx_word' id='word_1_200' title='bbox 773 2205 878 2249; x_wconf 89' lang='lat' dir='ltr'><strong>nihil</strong></span> <span class='ocrx_word' id='word_1_201' title='bbox 909 2205 1008 2250; x_wconf 86' lang='lat' dir='ltr'><strong>inde</strong></span> <span class='ocrx_word' id='word_1_202' title='bbox 1030 2207 1074 2249; x_wconf 92' lang='lat' dir='ltr'><strong>in</strong></span> <span class='ocrx_word' id='word_1_203' title='bbox 1095 2207 1342 2262; x_wconf 85' lang='lat' dir='ltr'><strong>quaestione</strong></span> <span class='ocrx_word' id='word_1_204' title='bbox 1364 2209 1508 2249; x_wconf 88' lang='lat' dir='ltr'><strong>nostra.</strong></span> <span class='ocrx_word' id='word_1_205' title='bbox 1529 2203 1768 2247; x_wconf 83' lang='lat' dir='ltr'><strong>dirimenda</strong></span> 
     </span>
     <span class='ocr_line' id='line_1_30' title="bbox 257 2271 1768 2330; baseline -0.001 -15"><span class='ocrx_word' id='word_1_206' title='bbox 257 2274 502 2330; x_wconf 86' lang='lat' dir='ltr'><strong>proficimus</strong></span> <span class='ocrx_word' id='word_1_207' title='bbox 516 2275 559 2329; x_wconf 90' lang='lat'><strong>¹).</strong></span> <span class='ocrx_word' id='word_1_208' title='bbox 606 2274 708 2328; x_wconf 84' lang='lat' dir='ltr'><strong>Plus</strong></span> <span class='ocrx_word' id='word_1_209' title='bbox 726 2274 824 2328; x_wconf 91' lang='lat' dir='ltr'><strong>loci,</strong></span> <span class='ocrx_word' id='word_1_210' title='bbox 853 2275 925 2317; x_wconf 89' lang='lat' dir='ltr'><strong>ubi</strong></span> <span class='ocrx_word' id='word_1_211' title='bbox 957 2276 1253 2328; x_wconf 85' lang='lat' dir='ltr'><strong>consistamus,</strong></span> <span class='ocrx_word' id='word_1_212' title='bbox 1286 2273 1409 2316; x_wconf 89' lang='lat' dir='ltr'><strong>nobis</strong></span> <span class='ocrx_word' id='word_1_213' title='bbox 1430 2272 1608 2330; x_wconf 89' lang='lat' dir='ltr'><strong>praebet</strong></span> <span class='ocrx_word' id='word_1_214' title='bbox 1637 2271 1768 2316; x_wconf 85' lang='lat' dir='ltr'><strong>Calli-</strong></span> 
     </span>
     <span class='ocr_line' id='line_1_31' title="bbox 258 2341 1768 2399; baseline -0.002 -14"><span class='ocrx_word' id='word_1_215' title='bbox 258 2341 452 2396; x_wconf 83' lang='lat' dir='ltr'><strong>machus,</strong></span> <span class='ocrx_word' id='word_1_216' title='bbox 495 2357 620 2399; x_wconf 87' lang='lat' dir='ltr'><strong>qucm</strong></span> <span class='ocrx_word' id='word_1_217' title='bbox 663 2342 717 2387; x_wconf 89' lang='lat' dir='ltr'><strong>de</strong></span> <span class='ocrx_word' id='word_1_218' title='bbox 752 2343 897 2399; x_wconf 86' lang='lat' dir='ltr'><strong>Scylla</strong></span> <span class='ocrx_word' id='word_1_219' title='bbox 937 2343 1126 2387; x_wconf 83' lang='lat' dir='ltr'><strong>fabulam</strong></span> <span class='ocrx_word' id='word_1_220' title='bbox 1169 2344 1424 2387; x_wconf 84' lang='lat' dir='ltr'><strong>tractavisse</strong></span> <span class='ocrx_word' id='word_1_221' title='bbox 1461 2341 1624 2384; x_wconf 79' lang='lat' dir='ltr'><strong>(luobus</strong></span> <span class='ocrx_word' id='word_1_222' title='bbox 1660 2355 1768 2396; x_wconf 86' lang='lat' dir='ltr'><strong>quae</strong></span> 
     </span>
     <span class='ocr_line' id='line_1_32' title="bbox 259 2405 1766 2468; baseline -0.003 -14"><span class='ocrx_word' id='word_1_223' title='bbox 259 2416 486 2468; x_wconf 87' lang='lat' dir='ltr'><strong>supersunt</strong></span> <span class='ocrx_word' id='word_1_224' title='bbox 516 2412 766 2465; x_wconf 79' lang='lat' dir='ltr'><strong>fragmentis</strong></span> <span class='ocrx_word' id='word_1_225' title='bbox 802 2413 1015 2455; x_wconf 84' lang='lat' dir='ltr'><strong>docemur.</strong></span> <span class='ocrx_word' id='word_1_226' title='bbox 1078 2410 1186 2455; x_wconf 90' lang='lat' dir='ltr'><strong>Nam</strong></span> <span class='ocrx_word' id='word_1_227' title='bbox 1223 2412 1273 2455; x_wconf 83' lang='lat' dir='ltr'><strong>fr.</strong></span> <span class='ocrx_word' id='word_1_228' title='bbox 1303 2408 1407 2454; x_wconf 84' lang='lat'>184:</span> <span class='ocrx_word' id='word_1_229' title='bbox 1442 2405 1633 2463; x_wconf 56' lang='lat' dir='ltr'><strong>„indua</strong></span> <span class='ocrx_word' id='word_1_230' title='bbox 1661 2405 1766 2464; x_wconf 73' lang='grc' dir='ltr'><strong>γυνή</strong></span> 
     </span>
     <span class='ocr_line' id='line_1_33' title="bbox 257 2475 1769 2537; baseline -0.001 -16"><span class='ocrx_word' id='word_1_231' title='bbox 257 2477 505 2522; x_wconf 79' lang='grc' dir='ltr'><strong><em>κατάκασσα</em></strong></span> <span class='ocrx_word' id='word_1_232' title='bbox 525 2478 597 2522; x_wconf 81' lang='grc' dir='ltr'><strong>καὶ</strong></span> <span class='ocrx_word' id='word_1_233' title='bbox 611 2478 665 2525; x_wconf 78' lang='grc' dir='ltr'><strong>ου’</strong></span> <span class='ocrx_word' id='word_1_234' title='bbox 681 2477 833 2536; x_wconf 80' lang='grc' dir='ltr'><em>ψύθος</em></span> <span class='ocrx_word' id='word_1_235' title='bbox 853 2476 1002 2534; x_wconf 76' lang='grc' dir='ltr'>οὔνομ’</span> <span class='ocrx_word' id='word_1_236' title='bbox 1015 2478 1193 2534; x_wconf 51' lang='lat' dir='ltr'><strong>§novam</strong></span> <span class='ocrx_word' id='word_1_237' title='bbox 1211 2475 1266 2524; x_wconf 86' lang='lat' dir='ltr'><strong>ad</strong></span> <span class='ocrx_word' id='word_1_238' title='bbox 1281 2479 1468 2537; x_wconf 84' lang='lat' dir='ltr'><strong>Scyllam</strong></span> <span class='ocrx_word' id='word_1_239' title='bbox 1476 2477 1566 2523; x_wconf 85' lang='lat' dir='ltr'><strong>Nisi</strong></span> <span class='ocrx_word' id='word_1_240' title='bbox 1584 2478 1769 2531; x_wconf 81' lang='lat' dir='ltr'><strong>referen-</strong></span> 
     </span>
    </p>
   </div>
   <div class='ocr_carea' id='block_1_7' title="bbox 403 2611 1773 2665">
    <p class='ocr_par' dir='ltr' id='par_1_7' title="bbox 403 2611 1773 2665">
     <span class='ocr_line' id='line_1_34' title="bbox 403 2611 1773 2665; baseline -0.006 -10"><span class='ocrx_word' id='word_1_241' title='bbox 403 2620 427 2663; x_wconf 93' lang='lat'><strong>¹)</strong></span> <span class='ocrx_word' id='word_1_242' title='bbox 452 2617 764 2665; x_wconf 65' lang='lat' dir='ltr'><strong>Pseudo-Vergilii</strong></span> <span class='ocrx_word' id='word_1_243' title='bbox 802 2628 962 2660; x_wconf 78' lang='lat' dir='ltr'><strong>carmen,</strong></span> <span class='ocrx_word' id='word_1_244' title='bbox 1000 2617 1096 2663; x_wconf 88' lang='lat' dir='ltr'><strong>quod</strong></span> <span class='ocrx_word' id='word_1_245' title='bbox 1134 2616 1282 2658; x_wconf 84' lang='lat' dir='ltr'><strong>„Ciris“</strong></span> <span class='ocrx_word' id='word_1_246' title='bbox 1322 2614 1553 2657; x_wconf 61' lang='lat' dir='ltr'><strong>inscribitur,</strong></span> <span class='ocrx_word' id='word_1_247' title='bbox 1581 2611 1773 2649; x_wconf 80' lang='lat' dir='ltr'><strong>Parthenio</strong></span> 
     </span>
    </p>
   </div>
   <div class='ocr_carea' id='block_1_8' title="bbox 261 2663 1919 2723">
    <p class='ocr_par' dir='ltr' id='par_1_8' title="bbox 261 2663 1919 2723">
     <span class='ocr_line' id='line_1_35' title="bbox 261 2663 1919 2723; baseline -0.004 -11"><span class='ocrx_word' id='word_1_248' title='bbox 261 2679 409 2713; x_wconf 82' lang='lat' dir='ltr'><strong>auctore</strong></span> <span class='ocrx_word' id='word_1_249' title='bbox 434 2676 619 2715; x_wconf 86' lang='lat' dir='ltr'><strong>conditum</strong></span> <span class='ocrx_word' id='word_1_250' title='bbox 637 2687 716 2713; x_wconf 80' lang='lat' dir='ltr'><strong>esse</strong></span> <span class='ocrx_word' id='word_1_251' title='bbox 733 2674 896 2723; x_wconf 80' lang='lat' dir='ltr'><strong>lleynius</strong></span> <span class='ocrx_word' id='word_1_252' title='bbox 922 2677 1115 2722; x_wconf 82' lang='lat' dir='ltr'><strong>postquam</strong></span> <span class='ocrx_word' id='word_1_253' title='bbox 1140 2674 1305 2717; x_wconf 83' lang='lat' dir='ltr'><strong>coniecit,</strong></span> <span class='ocrx_word' id='word_1_254' title='bbox 1331 2671 1629 2720; x_wconf 83' lang='lat' dir='ltr'><strong>probabilissimis</strong></span> <span class='ocrx_word' id='word_1_255' title='bbox 1654 2669 1776 2707; x_wconf 76' lang='lat' dir='ltr'><strong>causis</strong></span> <span class='ocrx_word' id='word_1_256' title='bbox 1832 2663 1839 2667; x_wconf 29' lang='lat'><em>³</em></span> <span class='ocrx_word' id='word_1_257' title='bbox 1879 2666 1919 2713; x_wconf 44' lang='grc' dir='ltr'><strong>ἦ)</strong></span> 
     </span>
    </p>
   </div>
   <div class='ocr_carea' id='block_1_9' title="bbox 261 2731 1410 2780">
    <p class='ocr_par' dir='ltr' id='par_1_9' title="bbox 261 2731 1410 2780">
     <span class='ocr_line' id='line_1_36' title="bbox 261 2731 1410 2780; baseline -0.003 -9"><span class='ocrx_word' id='word_1_258' title='bbox 261 2734 522 2771; x_wconf 78' lang='lat' dir='ltr'><strong>demonstravit</strong></span> <span class='ocrx_word' id='word_1_259' title='bbox 546 2734 709 2771; x_wconf 80' lang='lat' dir='ltr'><strong>Rohdius</strong></span> <span class='ocrx_word' id='word_1_260' title='bbox 733 2733 813 2780; x_wconf 86' lang='lat' dir='ltr'><strong>(der</strong></span> <span class='ocrx_word' id='word_1_261' title='bbox 837 2733 969 2780; x_wconf 88' lang='lat' dir='ltr'><strong>griech.</strong></span> <span class='ocrx_word' id='word_1_262' title='bbox 994 2732 1131 2769; x_wconf 84' lang='lat' dir='ltr'><strong>Roman</strong></span> <span class='ocrx_word' id='word_1_263' title='bbox 1158 2744 1192 2778; x_wconf 89' lang='lat' dir='ltr'><strong>p.</strong></span> <span class='ocrx_word' id='word_1_264' title='bbox 1211 2731 1268 2775; x_wconf 87' lang='grc'><strong>93,</strong></span> <span class='ocrx_word' id='word_1_265' title='bbox 1292 2731 1334 2767; x_wconf 75' lang='grc' dir='ltr'><strong>Α.</strong></span> <span class='ocrx_word' id='word_1_266' title='bbox 1360 2731 1410 2776; x_wconf 86' lang='lat'><strong>3.)</strong></span> 
     </span>
    </p>
   </div>
   <div class='ocr_carea' id='block_1_10' title="bbox 1560 0 1945 867">
    <p class='ocr_par' dir='ltr' id='par_1_10' title="bbox 1560 0 1945 867">
     <span class='ocr_line' id='line_1_37' title="bbox 1560 0 1945 867; baseline 0 0"><span class='ocrx_word' id='word_1_267' title='bbox 1560 0 1945 867; x_wconf 95' lang='lat' dir='ltr'><strong>   </strong></span> 
     </span>
    </p>
   </div>
   <div class='ocr_carea' id='block_1_11' title="bbox 1697 2716 1945 3041">
    <p class='ocr_par' dir='ltr' id='par_1_11' title="bbox 1697 2716 1945 3041">
     <span class='ocr_line' id='line_1_38' title="bbox 1697 2716 1945 3041; baseline 0 -291"><span class='ocrx_word' id='word_1_268' title='bbox 1697 2716 1945 3041; x_wconf 95' lang='lat' dir='ltr'><strong>  </strong></span> 
     </span>
    </p>
   </div>
  </div>
 </body>
</html>
