1945 3041
843 199 1129 246 -18—

884 399 1019 477 Cap.
1047 399 1085 460 l.

723 540 792 585 De
823 539 1076 585 Vertumno
1107 539 1166 596 (c.
1188 541 1251 597 2).

365 678 481 729 Quae
525 679 587 721 vis
632 691 683 721 ac
708 666 917 734 *potestas
959 678 1061 721 insit
1105 678 1149 721 in
1193 679 1366 722 numine
1402 677 1625 723 Vertumni
1668 679 1738 724 dci
1835 680 1884 717 “-
1909 668 1943 733 „s

1879 748 1895 764 ‚⁶

228 749 519 804 expositurus,
550 747 796 803 Propertius
827 747 995 789 initium
1031 748 1159 789 sumit
1196 761 1224 790 a
1253 747 1494 801 simularem,
1525 747 1638 803 quod
1667 747 1734 791 dei

174 846 177 847 γ
227 830 318 859 esse
365 815 638 867 credebatur3
683 820 776 864 erat
807 823 950 858 autem
999 814 1079 857 hoc
1124 816 1168 858 in
1204 815 1310 858 Vico
1340 815 1494 869 Tusco,
1539 813 1898 871 frequen-12:³1<

226 886 391 929 tissimo
422 890 464 927 et
496 883 772 927 celeberrimo
803 883 898 926 loco
929 883 1041 926 inter
1070 882 1239 927 Circum
1259 883 1495 928 Maximum
1525 889 1567 928 et
1597 884 1734 928 forum

225 954 466 997 Romanum
480 952 523 1008 ¹).
599 951 747 1008 Itaque
798 951 890 994 fieri
941 963 1026 994 non
1086 953 1237 1008 potuit,
1288 953 1389 1008 quin
1437 953 1573 1007 origo*
1598 951 1668 995 (lei
1705 966 1732 996 a

224 1023 369 1065 Tuscis
406 1026 688 1078 repeteretur,
731 1021 800 1063 cui
837 1021 898 1063 rei
943 1026 1279 1064 consentaneum
1320 1026 1404 1075 est,
1446 1019 1558 1077 quod
1592 1021 1730 1065 Varro

224 1091 386 1135 iudicat
416 1090 470 1133 (le
500 1089 528 1133 l.
551 1089 579 1132 l.
601 1089 653 1132 V.
674 1087 750 1132 46:
784 1089 862 1142 „ab
892 1089 955 1132 eis
976 1089 1053 1134 (sc.
1076 1088 1242 1145 Tuscis)
1262 1088 1402 1134 dictus
1421 1088 1730 1145 vicusTuscu's,
1792 1092 1795 1093 ’

224 1166 267 1202 et
297 1159 393 1202 ideo
424 1159 484 1201 ibi
505 1158 789 1200 Vortumnum
810 1163 938 1211 stare,
960 1157 1071 1213 quod
1092 1159 1128 1200 is
1148 1157 1252 1201 (leus
1271 1158 1471 1202 Etruriae
1492 1159 1729 1215 princeps“.

222 1228 433 1280 Quoniam
463 1227 591 1281 igitur
621 1227 789 1280 signum
822 1225 1042 1269 Vertumni
1079 1240 1106 1269 a
1136 1226 1240 1269 Vico
1276 1225 1411 1270 Tusco
1450 1226 1614 1281 seiungi
1643 1237 1730 1269 nou

223 1296 377 1353 potest,
399 1308 485 1338 non
508 1295 697 1337 alienum
717 1299 782 1337 est
801 1293 958 1347 videre,
989 1306 1071 1350 quo
1091 1299 1283 1351 tempore
1303 1294 1427 1338 Tusci
1447 1294 1570 1337 illum
1588 1295 1730 1338 vicum

222 1365 546 1421 occupaverint,
584 1363 637 1406 (le
667 1376 752 1418 qua
787 1376 832 1405 re
854 1368 1049 1406 auctores
1084 1361 1211 1405 valde
1248 1363 1360 1406 inter
1394 1376 1440 1412 se
1459 1359 1728 1407 dissentiunt.

221 1434 361 1488 Atque
382 1432 656 1486 gravissimus
693 1436 842 1474 auctor
860 1429 997 1474 Varro
1034 1431 1146 1474 hanc
1181 1444 1271 1474 rein
1305 1431 1385 1474 tali
1421 1430 1547 1474 modo
1580 1436 1731 1476 narrat

221 1502 249 1544 l.
272 1515 328 1545 c.:
375 1500 447 1553 „In
478 1499 720 1543 suburanae
752 1500 936 1552 regionis
967 1504 1090 1555 parte
1120 1500 1320 1556 princeps
1349 1499 1519 1542 Caelius
1548 1494 1671 1543 mons
1701 1513 1729 1545 a

220 1569 367 1612 Caelio
390 1567 587 1611 Vibenno
608 1566 744 1610 Tusco
765 1566 873 1609 duce
896 1566 1044 1621 nobili,
1075 1567 1145 1623 qui
1177 1581 1273 1610 cum
1303 1580 1381 1611 sua
1410 1580 1540 1611 manu
1571 1566 1727 1612 dicitur

220 1638 401 1682 Romulo
431 1638 597 1680 venisse
620 1628 781 1679 auxilio
803 1640 954 1679 contra
974 1635 1143 1680 Tatium
1162 1650 1324 1690 regem:
1356 1636 1455 1680 hinc
1476 1642 1573 1694 post
1591 1636 1727 1680 Caelii

220 1711 400 1749 mortem
431 1704 543 1761 quod
574 1705 701 1748 nimis
732 1705 897 1747 munita
927 1704 1024 1747 loca
1060 1709 1256 1748 tenerent
1291 1718 1426 1760 neque
1462 1705 1554 1749 sino
1590 1705 1728 1761 suspi-

219 1776 341 1827 cione
361 1778 504 1817 essent
524 1772 696 1816 deducti
717 1772 914 1815 dicuntur
937 1773 978 1815 in
1000 1773 1187 1829 plenum.
1230 1773 1297 1816 Ab
1318 1774 1370 1816 iis
1390 1772 1551 1816 dictus“
1573 1786 1608 1815 e.
1632 1786 1671 1828 q.
1691 1785 1724 1816 s.

182 1893 192 1895 -
220 1843 291 1897 (cf.
324 1842 474 1899 supr).

356 1910 426 1953 Ad
462 1910 574 1953 hunc
610 1909 816 1952 Varronis
854 1909 995 1952 locum
1038 1909 1175 1953 redire
1212 1910 1256 1952 in
1299 1914 1448 1966 aperto
1492 1915 1576 1963 est,
1618 1923 1728 1965 quae

218 1979 387 2022 Servius
433 1977 509 2032 (ad
553 1978 659 2020 Aen.
696 1977 745 2021 V.
773 1975 891 2031 560)
921 1978 1067 2021 refert:
1115 1979 1309 2030 „tertiam
1339 1977 1527 2034 (partem
1556 1977 1726 2035 populi)
1753 2032 1757 2035 ‚

216 2047 426 2089 Lucerum
461 2057 638 2100 quorum
675 2044 907 2087 secundum
944 2045 1112 2088 Livium
1149 2051 1192 2089 et
1227 2058 1383 2088 nomen
1425 2051 1469 2089 et
1513 2059 1645 2089 causa
1681 2047 1726 2089 in

215 2115 382 2157 occulto
404 2117 516 2157 sunt.
567 2113 704 2156 Varro
726 2118 872 2156 tamen
893 2112 1011 2167 dicit,
1032 2113 1261 2157 Romulum
1279 2113 1556 2158 dimicantem
1577 2118 1728 2164 contra

213 2183 354 2226 Titum
384 2182 551 2226 'satium
584 2196 612 2226 a
640 2182 971 2236 Lucumonibus,
1002 2183 1082 2225 hoc
1112 2188 1177 2226 est
1206 2182 1365 2234 Tuscis,
1397 2183 1560 2227 auxilia
1580 2188 1727 2241 postu·

213 2252 346 2305 lasse3
377 2250 492 2293 unde
523 2249 698 2305 quidam
727 2251 846 2293 venit
876 2264 972 2292 cum
1002 2252 1192 2294 exercitu
1217 2252 1285 2293 cui
1307 2256 1478 2308 recepto
1499 2252 1589 2295 iam
1603 2251 1725 2296 Tatio
1762 2280 1790 2310 ,⁷

213 2333 314 2375 pars
344 2319 461 2362 urbis
492 2323 557 2362 est
587 2317 706 2372 data,
739 2332 764 2360 a
795 2331 876 2373 quo
908 2319 951 2370 in
983 2319 1086 2362 urbe
1117 2318 1275 2362 Tuscus
1306 2319 1445 2363 dictus
1475 2324 1544 2364 est·
1568 2316 1721 2364 vicus“.
1774 2324 1781 2329 ’

212 2387 356 2442 Neque
388 2388 528 2429 minus
560 2400 586 2429 a
615 2386 808 2430 Varrone
841 2386 1031 2442 pendent
1061 2387 1255 2443 Dionysii
1285 2387 1383 2433 Hal.
1410 2387 1543 2447 verba
1572 2387 1626 2431 11.
1647 2384 1724 2438 372

209 2446 293 2512 ἧκε
323 2452 373 2497 δὲ
404 2453 521 2511 αὐτῷ
553 2453 807 2510 ἐπικουρίαν
839 2453 993 2512 ἱκανήν
1028 2452 1145 2509 ἄγων
1182 2453 1229 2498 ἐκ
1262 2454 1523 2498 Οὐολσινίου
1551 2453 1727 2505 πόλεως

208 2523 322 2580 α’νήρ
342 2521 599 2580 δραστήριος
612 2520 835 2576 Λοκόμων
855 2520 996 2577 ὄνομα
1018 2523 1147 2578 φίλος
1161 2521 1216 2566 ου’
1235 2521 1322 2580 πρὸ
1345 2523 1517 2566 πολλοῦ
1529 2521 1726 2579 γεγονώς

346 2647 376 2693 ¹)
401 2647 447 2685 cf.
465 2647 590 2683 Cicero
617 2647 653 2681 in
672 2646 814 2682 Verrem
841 2646 885 2684 11.
904 2647 934 2690 1,
951 2648 1014 2683 59:
1040 2647 1121 2693 quis
1147 2658 1169 2682 a
1192 2646 1296 2693 signo
1314 2646 1498 2683 Vertumni
1524 2647 1560 2683 in
1579 2647 1730 2684 Circum·

207 2704 401 2742 Maximum
428 2704 524 2741 venit
548 2704 636 2752 quin
661 2706 728 2741 etc.
1719 2702 1722 2704 ’

1912 1081 1945 1100 mg*

1919 1117 1945 1146 με

1912 1147 1944 1158 :sk
