1945 3041
883 226 1170 273 „50-

274 355 486 411 quomodo
516 354 731 409 Vergilius
769 354 825 398 ab
855 354 1007 398 Aenea
1035 355 1206 398 initium
1234 367 1401 400 sumere
1436 356 1674 414 potentiam
1703 355 1788 399 rei-

274 425 494 482 publicae,
541 425 605 468 ita
638 422 886 482 Propertius
921 422 1098 468 Aeneae
1143 421 1329 467 adventu
1368 423 1550 469 Romam
1596 423 1787 481 aliquam

272 495 504 548 imaginem
536 492 695 537 habere
726 493 920 550 coepisse
948 493 1180 537 existimat.

410 572 475 617 De
511 573 651 616 forma
686 576 831 616 autem
866 572 1021 616 veteris
1063 571 1182 615 urbis
1228 584 1359 626 agens
1395 570 1641 630 Propertius
1687 585 1807 616 cum»

274 646 530 701 paupertate
574 655 626 686 ac
669 641 880 686 tenuitate
916 640 1190 698 antiquarum
1236 638 1408 685 aedium
1451 645 1678 700 comparat
1719 641 1785 687 sui

273 712 480 769 temporis
515 710 797 755 celeberrima
833 709 1034 755 aedificia
1068 714 1112 754 et
1147 713 1443 764 monumenta,
1489 722 1667 767 quorum
1703 711 1790 769 pri-

278 795 392 824 mum
422 779 576 824 laudat
604 779 814 837 templum
841 780 885 823 in
906 779 1076 824 Palatio
1098 778 1290 836 Apollini
1321 778 1622 824 obvictoriam
1641 779 1790 826 Actia-

278 863 374 892 cam
406 848 654 892 dedicatum
667 847 718 903 ¹):

472 922 623 972 „atque
652 917 726 960 ubi
757 917 902 960 navali
932 921 1051 961 stant
1080 929 1206 960 sacra
1234 915 1408 960 Palatia
1438 915 1623 972 Phoebo,

472 984 667 1029 Euandri
698 985 904 1042 profugae
935 984 1203 1028 concubuere
1234 984 1398 1029 boves«.

278 1056 418 1110 Atque
450 1058 566 1097 recte
597 1058 728 1110 poeta
756 1054 897 1110 ipsum
926 1052 1144 1096 Palatium
1175 1053 1319 1108 elegit,
1354 1052 1465 1109 quod
1495 1054 1540 1097 in
1570 1065 1621 1097 eo
1651 1054 1790 1111 primo

276 1124 468 1167 omnium
487 1122 679 1166 locorum
699 1121 921 1176 domicilia
951 1122 1185 1166 constituta
1214 1134 1307 1167 esse
1337 1133 1484 1167 omnes
1503 1122 1788 1168 consentiunt.

275 1191 393 1243 Quae
425 1204 521 1234 cum
553 1190 609 1233 ab
641 1189 846 1234 Evandro
877 1190 1053 1234 condita
1082 1203 1175 1234 esse
1205 1194 1363 1246 narret,
1401 1189 1570 1235 accedit
1599 1189 1655 1252 ad
1684 1189 1791 1235 Ver·

277 1260 429 1315 gilium
461 1259 567 1304 Aen.
590 1259 705 1304 VIII.
736 1257 822 1303 313
852 1260 916 1303 ita
951 1259 1005 1303 de
1041 1272 1093 1303 eo
1122 1259 1385 1315 loquentem:
1417 1259 1660 1314 „Romanae
1689 1272 1791 1304 con·

277 1327 389 1371 ditor
410 1329 558 1371 arcis.“
608 1327 858 1372 Evandrum
880 1332 1023 1372 autem
1053 1341 1108 1371 ex
1127 1326 1313 1371 Graecia
1333 1327 1602 1385 „profugum“
1632 1328 1677 1372 in
1704 1327 1792 1372 Ita-

276 1398 382 1441 liam
411 1398 599 1451 venisse‚
621 1396 754 1441 tradit
782 1398 914 1440 etiam
944 1397 1088 1440 Livius
1098 1396 1135 1450 ²)
1165 1396 1197 1438 1.
1220 1395 1261 1450 7,
1282 1395 1328 1440 8:
1361 1396 1584 1450 „Evander
1612 1400 1703 1440 tum
1738 1410 1793 1451 ea

279 1465 526 1521 profugus
562 1478 616 1508 ex
648 1464 942 1521 Peloponneso
980 1465 1237 1508 auctoritate
1272 1465 1410 1518 magis
1448 1477 1579 1520 quam
1611 1465 1791 1521 imperio

278 1533 458 1588 regebat
485 1532 619 1577 loca“.
1544 1566 1552 1572 r

423 1601 489 1644 De
517 1606 661 1644 vetere
699 1605 843 1644 autem
867 1599 1070 1657 Palatim
1108 1601 1257 1644 habitu
1301 1601 1459 1644 similia
1487 1600 1691 1655 Tibullus,
1737 1613 1790 1644 ex

280 1681 362 1725 quo
393 1668 666 1726 Propertium
696 1667 885 1726 pendere
915 1668 1145 1714 verisimile
1174 1673 1259 1724 est,
1290 1668 1466 1714 exhibet
1494 1667 1548 1714 11.
1569 1666 1611 1724 5,
1629 1666 1706 1713 23:

487 1737 693 1781 Romulus
724 1742 926 1782 aeternae
957 1737 1146 1781 nondum
1176 1737 1421 1782 firmaverat
1450 1738 1566 1781 urbis

488 1807 661 1851 moenia
691 1840 874 1852 .....

488 1875 563 1918 sed
594 1880 696 1918 tunc
727 1876 966 1933 pascebant
995 1875 1178 1920 herbosa
1207 1875 1380 1919 Palatia
1408 1890 1578 1920 vaccae.

423 2082 450 2126 ¹)
477 2080 580 2117 Hanc
604 2080 729 2117 aedem
754 2080 913 2117 celebrat
937 2083 1048 2128 poeta
1071 2081 1179 2118 etiam
1204 2080 1285 2117 aliis
1311 2080 1410 2125 locis,
1428 2080 1474 2118 cf.
1493 2080 1553 2116 111.
1570 2081 1627 2124 31,
1645 2078 1685 2118 V.
1701 2079 1735 2118 6.

418 2140 449 2182 2)
475 2138 721 2174 Confer-endas
749 2139 806 2173 est
835 2138 944 2173 etiam
968 2138 1139 2173 Varronis
1173 2138 1217 2173 de
1243 2138 1265 2175 Ι.
1291 2138 1312 2173 l.
1337 2137 1378 2176 V.
1394 2138 1456 2174 21:
1481 2137 1649 2173 Euander
1671 2136 1732 2182 qui
1758 2135 1794 2171 in
1865 2126 1872 2129 Α

280 2194 505 2230 Palatium
528 2194 637 2238 venit,
662 2203 682 2229 e
706 2193 860 2230 Graecia
883 2194 1008 2230 Arcas.

417 2252 450 2297 ⁸)
474 2251 581 2296 Quod
604 2250 841 2298 veriloquium
865 2252 1035 2288 exstabat
1059 2251 1104 2287 de
1125 2251 1278 2295 Palatio,
1302 2251 1339 2286 id
1364 2253 1473 2298 poeta
1496 2261 1566 2286 non
1591 2250 1699 2287 modo
1723 2260 1794 2286 non

280 2309 436 2355 ignorat,
469 2308 532 2350 sed
564 2308 768 2354 significare
798 2308 940 2345 videtur
968 2309 1060 2355 ipsis
1091 2309 1208 2345 verbis
1234 2308 1426 2351 „Euandro
1458 2308 1634 2355 profugae
1662 2317 1794 2344 concu-

280 2365 389 2402 buere
425 2364 569 2402 boves·.
618 2363 710 2402 Nam
734 2363 914 2402 Palatium
938 2365 1163 2414 appellatum
1186 2376 1266 2403 esse
1289 2376 1313 2403 a
1334 2365 1487 2403 bovibus
1516 2363 1794 2414 palantibus,

283 2424 435 2468 legimus
460 2424 556 2469 apud
582 2423 734 2460 Paulum
758 2435 792 2468 p.
811 2424 897 2461 M:
925 2424 1125 2466 „Palatium
1158 2425 1194 2460 id
1219 2426 1276 2460 est
1298 2435 1401 2459 mons
1425 2423 1561 2460 Romae
1589 2422 1796 2469 appellatus

282 2481 348 2523 est,
374 2480 472 2526 quod
498 2479 544 2516 ibi
572 2489 683 2526 pecus
708 2490 862 2527 pascens
886 2480 1044 2517 balare
1068 2480 1313 2525 consueverit,
1350 2479 1405 2517 vel
1429 2479 1527 2528 quod
1557 2478 1734 2527 palare,
1757 2479 1794 2516 id

282 2539 338 2572 est
361 2547 490 2578 errare,
516 2537 565 2574 ibi
582 2537 741 2583 pecudes
758 2537 949 2574 solerent“.
985 2538 1065 2574 Hoc
1089 2538 1234 2585 quidem
1256 2538 1347 2574 satis
1363 2539 1519 2580 constat,
1543 2536 1796 2584 grammaticos

283 2593 318 2628 in
344 2593 413 2630 hac
438 2605 511 2630 una
527 2593 683 2630 nominis
706 2593 1003 2642 interpretatione
1028 2606 1098 2631 non
1123 2594 1358 2643 acquievisse,
1382 2603 1495 2642 quare
1510 2593 1584 2630 alia
1598 2592 1805 2641 veriloquia
1853 2618 1861 2621 -

282 2651 437 2688 nominis
477 2651 723 2698 protulerunt,
784 2662 878 2699 quae
916 2652 1025 2689 etiam
1064 2652 1227 2689 historici
1269 2652 1466 2700 scriptores
1504 2651 1659 2699 amplexi
1699 2652 1797 2695 sunt,

282 2708 328 2743 cf.
342 2708 457 2744 Varro
471 2709 515 2744 de
528 2709 550 2744 l.
565 2709 588 2747 Ι.
603 2708 644 2747 V.
657 2709 714 2753 53,
731 2709 852 2746 Livius
867 2710 892 2746 1.
906 2710 939 2748 5.
953 2712 986 2753 1,
1002 2710 1151 2757 Dionys.
1165 2709 1246 2745 Hal.
1259 2710 1288 2747 1.
1299 2710 1357 2754 31,
1375 2709 1519 2746 Servius
1532 2709 1620 2747 Aen.
1633 2708 1727 2747 VIII.
1739 2708 1796 2749 51.

1851 3038 1863 3041 r
1849 2915 1857 2920 f
