1945 3041
799 195 1080 253 ..39-

301 335 426 382 Plus
460 337 674 396 pertinere
708 334 874 378 videtur
917 333 975 378 ad
1017 338 1206 377 nostram
1237 333 1543 389 quaestionem,
1580 335 1692 391 quod

141 430 152 449 s·
170 448 173 449 ⁷
185 406 359 465 Servius
387 404 517 449 refert
546 403 615 448 ad.
646 403 753 447 Aen
775 400 889 445 VIII.
912 398 1013 445 1903
1051 400 1244 455 „Veritas
1278 403 1424 444 tamen
1460 402 1691 447 secundum

190 458 430 535 philologos
474 477 517 517 et
559 472 781 516 historicos
816 470 900 514 hoc
925 469 1074 525 habet,
1117 469 1231 514 hunc
1274 483 1332 514 sc.
1363 469 1522 515 Cacum
1564 472 1693 516 fuisse

140 552 174 597 ’,ἡ
190 541 382 598 Evandri
410 541 713 598 nequissimum
743 553 909 584 servum
929 552 981 583 ac
1001 538 1172 583 furem“.
1186 537 1219 594 ¹)
1263 536 1374 582 Nam
1393 538 1627 597 Propertio,
1658 542 1693 585 si

145 629 151 640 2
191 610 454 669 „philologos
489 614 532 654 et
566 609 810 654 historicos“
848 612 1015 652 secutus
1050 606 1211 651 Cacum
1246 608 1291 651 in
1328 606 1572 652 domesticis
1608 606 1708 653 Eu?

147 715 149 718 .
193 678 317 725 andri
361 678 603 722 hominibus
646 677 912 731 numerabat,
956 675 1117 719 licebat
1160 675 1314 730 dicere,
1348 675 1509 720 Cacum
1552 678 1695 735 hospi-

180 747 313 802 tium,
343 746 455 803 quod
484 751 578 791 erat
606 747 718 790 inter
745 749 913 802 patrem
942 743 1129 788 familias
1159 749 1203 788 et
1230 743 1468 799 Herculem,
1498 746 1693 790 violasse.

193 811 353 859 Tamen
389 815 472 859 hac
508 827 670 871 quoque
714 813 1065 871 interpretatione
1108 811 1340 856 difficultas
1384 825 1470 856 non
1514 814 1695 868 tollitur;

195 898 299 929 nam
328 897 426 927 cum
454 882 699 940 Propertius
729 883 1018 926 narrationem
1045 881 1260 925 instituat:

702 950 872 1004 „Incola
901 949 1040 1009 Cacus
1075 950 1190 993 erat“
1550 1006 1555 1014 ι

195 1021 302 1065 satis
323 1019 509 1064 dilucide
529 1018 756 1074 significat,
778 1033 822 1064 se
842 1017 1092 1063 Euandrum
1111 1018 1336 1073 neglegere
1355 1019 1477 1063 velle.
1522 1020 1606 1065 Sed
1626 1035 1698 1065 ac-

197 1088 314 1134 cedit
343 1089 431 1133 alia
459 1102 541 1144 res,
572 1102 656 1144 qua
686 1087 881 1132 dissentit
902 1101 929 1130 a
949 1088 1101 1130 ceteris
1131 1088 1384 1133 auctoribus.
1435 1089 1699 1146 Quamquam

197 1158 313 1202 enim
344 1157 462 1201 fama
499 1158 675 1213 antiqua
705 1155 937 1211 eademque
967 1155 1155 1209 vulgaris
1190 1161 1295 1211 erat,
1330 1156 1555 1219 Herculem
1585 1158 1697 1202 Caco

196 1225 422 1270 interfecto
459 1225 593 1269 Aram
637 1225 873 1269 Maximam
915 1224 1204 1279 constituisse,
1245 1229 1375 1282 poeta
1418 1225 1486 1270 hic
1529 1224 1700 1283 quidem

197 1294 322 1339 huius
352 1294 494 1338 famae
525 1294 681 1338 oblitus
693 1293 727 1349 ²)
756 1292 982 1337 Herculem
1019 1297 1116 1349 post
1151 1292 1328 1338 caedem
1358 1294 1537 1340 latronis
1574 1295 1701 1340 boves

199 1362 485 1407 dimittentem
527 1362 664 1406 forum
704 1361 906 1406 Boarium
952 1361 1008 1404 ab
1051 1362 1104 1404 iis
1149 1362 1392 1419 appellasse
1430 1368 1472 1407 et
1508 1365 1701 1409 sanxisse

199 1432 395 1489 exponit:

255 1513 294 1543 v.
326 1496 400 1543 16:
812 1502 855 1542 et
883 1497 1058 1544 Alcides
1088 1500 1149 1544 sic
1175 1500 1259 1548 ait:
1291 1501 1350 1544 ite
1380 1498 1567 1556 boves,⁸)

0 1604 19 1627 :J
43 1618 52 1621 -
85 1622 104 1628 „
418 1566 613 1611 Herculis
638 1568 696 1611 ite
726 1566 867 1622 boves,
897 1572 1069 1612 nostrae
1097 1567 1220 1612 labor
1249 1568 1397 1612 ultime
1426 1569 1589 1625 clavae,

0 1664 54 1689 ,
69 1642 79 1695 J
420 1636 486 1681 bis
515 1635 618 1681 mihi
649 1637 883 1693 quaesitae,
914 1636 980 1682 bis
1009 1651 1107 1682 mea
1135 1637 1312 1695 praeda,
1343 1638 1484 1693 boves,

0 1698 70 1767 ἒξ
419 1718 603 1761 arvaque
633 1706 796 1760 mugitu
826 1706 991 1750 sancite
1019 1705 1170 1751 boaria
1199 1707 1346 1762 longo:

420 1773 564 1817 nobile
594 1774 675 1817 erit
703 1773 865 1818 Romae
895 1787 1058 1830 pascua
1086 1779 1229 1818 vestra
1259 1775 1409 1819 forum.

201 1842 318 1896 Quae
361 1842 619 1886 narrationis
662 1842 876 1899 peroratio
921 1847 1162 1900 opportuna
1205 1842 1374 1899 quidem
1419 1843 1495 1888 sed
1533 1857 1704 1901 prorsus

0 933 2 936 .
17 923 22 928 ⁴
33 909 63 941 ῤ’

0 936 67 994 3}

0 991 65 1039 {⁶⁸
82 1012 84 1014 ’

0 1031 21 1050 a·
29 1046 33 1049 Α
41 1030 51 1048 ·.

0 1108 11 1125 f.
23 1104 31 1113 ‘

4 1180 28 1209 :k-

338 2036 367 2080 ¹)
414 2035 459 2072 cf.
484 2034 650 2071 Aurelius
674 2034 797 2071 Victor
821 2035 864 2071 de
888 2036 978 2082 orig.
1003 2038 1097 2082 gent.
1122 2036 1224 2073 Rom.
1249 2047 1279 2075 c.
1297 2037 1367 2077 viz
1391 2037 1529 2080 „Cacus
1546 2037 1705 2074 Euandri

202 2102 356 2135 servus
380 2091 563 2139 nequitiae
578 2093 744 2128 versutus
760 2094 797 2128 et
812 2094 955 2139 praeter
972 2095 1091 2129 cetera
1107 2093 1354 2131 furacissimus
1378 2094 1556 2133 Recarani
1581 2094 1704 2142 hospi:

201 2149 250 2186 tis
274 2149 383 2188 boves
408 2149 608 2196 subripuit“
633 2151 701 2188 etc.

126 2254 139 2264 -.
339 2218 370 2264 ²)
416 2217 499 2254 Alio
517 2217 597 2254 loco
613 2217 757 2265 alioque
780 2189 1036 2256 sententiarum
1060 2230 1223 2256 connexu
1248 2222 1357 2266 poeta
1380 2231 1463 2258 arae
1487 2220 1707 2257 constitutae

5 2275 21 2307 Γ
38 2286 62 2297 “
101 2316 109 2324 ,
203 2275 433 2312 reminiscens
455 2275 499 2311 de
524 2285 567 2311 ea
589 2275 792 2322 praedicat:

408 2332 470 2369 67:
493 2331 650 2368 maxima
674 2342 767 2379 quae
790 2333 957 2380 gregibus
982 2333 1113 2370 devota
1136 2336 1192 2370 est
1216 2345 1280 2371 ara
1301 2327 1464 2381 repertis,

493 2399 558 2425 ara
579 2399 644 2436 per
667 2389 745 2433 has,
769 2389 897 2437 inquit,
920 2390 1077 2427 maxima
1101 2391 1199 2428 facta
1221 2402 1358 2429 manue.

205 2444 251 2481 cf.
267 2443 371 2492 Verg.
389 2445 475 2483 Aen.
491 2445 586 2484 VIII.
602 2446 687 2484 271:

492 2502 587 2539 hanc
610 2513 710 2540 aram
732 2502 814 2540 luco
838 2504 979 2550 statuit,
1004 2515 1098 2554 quae
1121 2505 1278 2542 maxima
1302 2514 1440 2552 semper

494 2560 634 2598 dicetur
656 2561 770 2605 nobis,
795 2563 832 2598 et
855 2561 923 2598 erit
945 2573 1039 2609 quae
1062 2563 1219 2600 maxima
1242 2573 1393 2609 semper.

341 2628 373 2673 ⁸)
420 2628 465 2664 cf.
482 2627 586 2676 Verg.
610 2628 687 2666 Ecl.
710 2629 786 2666 VII.
809 2629 875 2667 44:

315 2700 319 2704 ’
494 2687 546 2723 ite
568 2687 712 2724 domum
734 2689 843 2734 pasti,
867 2688 899 2724 si
922 2689 1003 2734 quis
1026 2689 1155 2734 pudor,
1177 2690 1229 2724 ite
1252 2689 1402 2724 iuvenci.
