1945 3041
229 370 232 373 ,
316 328 338 343 ²
348 327 439 372 Hoc
469 330 613 371 autem
643 326 815 380 crimen,
837 338 918 382 quo
940 338 1070 384 saepe
1091 330 1257 384 poetae,
1279 326 1348 382 qui
1366 325 1547 381 Augusti
1570 330 1713 386 aetate

203 388 461 456 floruerunt,
492 400 768 448 accusantur,
799 394 912 450 quod
938 394 984 438 id
1013 395 1151 438 solum
1181 394 1451 448 studuerunt,
1482 400 1529 438 ut
1559 396 1714 438 carmi-

210 453 335 521 niss'us
379 464 465 511 illis
509 465 643 509 amori
679 469 733 517 et>
758 463 857 507 fidei
897 463 1103 521 principis
1132 477 1177 507 se
1209 462 1577 517 commendarent,
1608 468 1655 507 ut
1686 478 1715 507 a

209 524 381 587 ceteriS,
411 535 475 577 ita
504 528 689 577 maxime
721 547 748 576 a
777 532 1000 590 Propertio
1038 532 1344 589 depellendum
1375 537 1451 574 est.
1511 532 1712 583 Quotiens

136 591 160 623 ³¹⁷*
208 602 323 651 onim
353 607 482 660 poeta
510 603 554 645 in
582 601 675 645 sola
703 601 915 644 amatoria
944 601 1062 662 poesi
1090 604 1282 645 versatus
1303 614 1476 644 carmen
1497 601 1712 644 heroicum

207 669 369 728 defugit
413 675 538 726 atque
582 670 815 722 detrectat,
860 670 1053 725 quotiens
1082 670 1283 724 queritur,
1297 697 1307 700 -
1330 670 1442 712 vires
1486 682 1585 713 suas
1630 670 1709 713 tali

208 735 332 797 operi
359 752 443 782 non
461 738 682 793 sufficere,
712 738 829 781 velut

196 839 202 846 ·
230 831 298 876 ⁷11.
323 831 361 886 1,
378 830 451 875 17:
482 830 593 887 quod
624 831 728 874 mihi
758 832 793 874 si
820 834 1002 884 tantum,
1023 830 1265 884 Maecenas,
1287 829 1378 873 sata
1397 828 1628 884 dedissent,

479 905 528 943 ut
557 912 724 957 possem
756 898 908 941 heroas
938 898 1092 941 ducere
1121 899 1166 940 in
1198 912 1319 941 arma
1349 911 1514 952 manus,

420 1003 428 1012 .
453 1004 462 1012 .
485 968 684 1023 bellaque
714 981 863 1023 resque
893 968 955 1010 tui
985 980 1263 1010 memorarem
1294 966 1503 1021 Caesaris,
1534 973 1578 1011 et
1607 974 1651 1011 tu

480 1036 662 1096 Caesare
693 1036 769 1079 sub
801 1048 956 1090 magno
987 1049 1090 1078 cura
1119 1035 1307 1082 secunda
1336 1037 1460 1080 fores.
1605 1039 1610 1046 '

371 1138 446 1182 41:
479 1153 558 1183 nec
588 1153 685 1184 mea
714 1140 971 1183 conveniunt
999 1139 1105 1183 duro
1136 1140 1389 1197 praecordia
1420 1154 1555 1195 versu,

479 1209 674 1252 Caesaris
703 1209 748 1251 in
779 1208 983 1277 Phrygios
1012 1208 1194 1252 condere
1224 1221 1375 1252 nomen
1408 1221 1521 1252 avos.

224 1312 295 1357 IV.
334 1311 375 1368 9,
397 1312 444 1356 ⁴2:
476 1312 578 1369 quid
607 1326 675 1356 me
707 1311 919 1356 scribendi
949 1316 1039 1355 tam
1059 1317 1226 1356 vastum
1247 1313 1379 1355 mittis
1399 1313 1443 1355 in
1466 1325 1635 1368 aequor,

479 1394 563 1424 non
594 1386 693 1424 sunt
723 1386 826 1435 apta
856 1394 977 1423 meae
1007 1380 1189 1434 grandia
1217 1381 1315 1424 vela
1343 1381 1426 1423 rati
1456 1385 1535 1423 etc.

204 1486 334 1529 Suum
365 1499 457 1530 esse
488 1484 624 1528 solum
655 1497 856 1538 amorem,
887 1479 968 1527 s'ibi
999 1484 1291 1532 celebrandos,
1308 1491 1521 1529 amantes:

219 1575 289 1618 lv.
317 1575 448 1630 3,19:
480 1582 527 1619 ut
556 1581 652 1619 tuus
682 1577 724 1619 in
756 1588 931 1619 scamno
960 1577 1142 1620 iactetur
1163 1590 1293 1634 saepe
1314 1576 1497 1631 libellus,

476 1659 600 1700 quem
629 1643 747 1699 legat
775 1649 1031 1701 exspectans
1062 1646 1155 1689 sola
1184 1646 1330 1702 puella
1359 1647 1506 1689 virum.

325 1736 481 1792 “Nihilo
527 1754 668 1792 autem
715 1751 852 1793 secius
896 1750 1038 1793 facere
1082 1763 1167 1792 non
1212 1751 1350 1806 potuit
1386 1751 1487 1805 quin
1525 1750 1703 1804 singulis

201 1818 388 1874 priorum
436 1817 641 1860 librorum
699 1817 804 1860 locis
864 1817 1288 1861 honorificentissimo
1347 1830 1546 1862 sermone
1604 1832 1703 1861 usus

200 1884 387 1929 studium
416 1885 596 1940 Augusti
626 1886 818 1929 versibus
849 1887 1126 1944 exprimeret:

238 1964 291 2010 ΙΙ.
337 1963 377 2017 7,
395 1963 442 2009 5:
476 1970 521 2010 at
549 1980 729 2022 magnus
750 1966 928 2012 Caesar:
960 1966 1035 2012 sed
1065 1981 1245 2023 magnus
1265 1967 1425 2013 Caesar
1454 1969 1498 2012 in
1530 1969 1672 2013 armis.

217 2056 445 2114 111.16‚41:
477 2058 672 2103 Caesaris
694 2060 807 2103 haec
820 2061 953 2103 virtu‘s
973 2065 1017 2104 et
1035 2060 1174 2114 gloria
1193 2060 1389 2105 Caesaris
1410 2061 1517 2105 haec
1538 2066 1615 2116 est,

470 2128 548 2171 illa
577 2142 661 2184 qua
689 2130 808 2183 vicit,
840 2128 1033 2172 condidit
1062 2143 1184 2172 arma
1212 2133 1356 2173 mauu.

199 2217 283 2261 iv.
301 2218 447 2274 11‚49:
957 2235 1078 2279 cape,
1109 2221 1258 2275 Roma,
1289 2221 1554 2279 triumphum

472 2295 516 2334 et
545 2290 718 2345 longum
747 2291 938 2346 Augusto
969 2291 1090 2335 salva
1119 2306 1295 2348 precare
1326 2291 1450 2334 diem

247 2366 364 2423 11,
367 2366 442 2412 66·
474 2369 545 2413 vix
575 2370 724 2414 timeat
754 2370 873 2414 salvo
901 2369 1086 2416 Caesare
1115 2370 1252 2415 Roma
1282 2356 1432 2415 ‚Iovem
1462 2374 1541 2415 etc.

181 2432 352 2504 Postea
368 2467 512 2505 autem
527 2439 699 2506 demum
714 2467 950 2507 ceterorum
965 2465 1166 2522 exempla
1181 2469 1363 2520 secutus,
1379 2468 1426 2508 ut
1440 2463 1702 2518 longioribus

195 2519 458 2574 carminibus
488 2545 534 2575 se
565 2531 621 2575 ad
650 2533 839 2590 patriam
869 2534 1094 2588 conferret,
1132 2535 1321 2580 animum
1349 2533 1531 2588 induxit,
1563 2547 1700 2590 neque

212 2594 305 2641 also
333 2585 547 2646 iudicasse
577 2601 682 2645 mihi
716 2601 881 2657 videor,
919 2606 1093 2660 poetam
1135 2608 1233 2660 post
1268 2603 1476 2660 Cynthiae
1522 2607 1702 2683 mortem

193 2660 413 2757 postrema
442 2671 588 2713 aetate
617 2670 695 2715 illa
726 2672 958 2729 scripsisse.
