1945 3041
817 172 1152 252 437-

254 331 326 390 *De
353 331 468 377 Caco
504 330 637 377 tradit
672 332 834 378 Livius:
881 345 931 390 „p
941 322 1081 376 a‘stor
1123 331 1303 376 accola
1338 331 1428 375 eius
1472 331 1556 375 loci
1590 329 1760 373 nomine

173 444 197 460 ‚⁴
261 401 413 453 Cacus,
443 401 565 443 ferox
593 401 789 443 viribus«.
849 400 1052 443 Similiter
1080 399 1342 456 Propertius:

395 468 574 513 incola
603 469 764 513 Cacus
799 473 929 519 erat,
966 467 1192 512 metuendo
1221 472 1368 524 raptor
1398 468 1454 511 ab
1485 473 1618 511 antro.

225 590 228 593 Δ
258 536 378 588 Quod
423 537 603 594 scriptor
645 537 870 581 historicus
907 537 960 580 de
1005 537 1165 580 scelere
1208 537 1300 593 ipso
1346 540 1510 581 narrat:
1568 547 1759 589 „aversos

258 605 401 660 boves,
432 606 636 650 eximium
664 604 871 663 quemque
900 605 1227 664 pulchritudine,
1259 605 1406 648 caudis
1435 606 1481 648 in
1510 604 1759 662 speluncam

185 731 187 733 ι
257 674 410 716 traxit“
441 673 636 722 eundem,
652 675 698 718 in
727 673 900 717 modum
929 673 1120 731 explicat
1152 678 1299 731 poeta:

346 740 418 784 11:
450 732 616 797 bic,'ne
647 748 764 787 certa
793 744 932 786 forent
962 742 1216 786 manifestae
1246 744 1370 797 signa
1398 743 1591 799 rapinae,

452 824 623 856 aversos
653 810 792 856 cauda
821 812 954 855 traxit
983 811 1029 854 in
1061 814 1187 855 antra
1216 811 1357 855 boves.

15 880 63 927 '÷
392 879 459 921 Ex
495 880 561 923 his
596 894 725 935 quam
762 885 901 924 artum
936 880 1152 922 vinculum
1187 879 1425 922 intercedat
1453 880 1564 922 inter
1592 879 1759 921 Livium

14 951 51 1006 .;-j
129 994 134 999 ‚
256 951 298 990 et
332 947 599 1005 Propertium
635 953 828 1006 apparet.
903 948 1003 991 Jam
1038 948 1178 1002 igitur,
1216 948 1278 991 eis
1308 946 1479 1001 additis,
1511 960 1620 1003 quae
1655 944 1758 990 Pro-

0 1022 96 1073 Ξ
146 1039 153 1043 -
255 1016 432 1078 ρεηίιιε,
460 1016 513 1059 de
543 1016 750 1073 Tarpeiae
786 1017 935 1060 fabula
979 1030 1031 1058 ex
1069 1016 1189 1059 Livio
1227 1016 1542 1073 deprompsisse
1578 1015 1757 1070 videtur,

0 1074 69 1116 [ζ’
254 1082 430 1127 dubium
460 1098 553 1128 esse
583 1098 668 1128 non
694 1090 851 1143 potest,
893 1086 997 1141 quin·
1024 1085 1266 1141 Propertius
1296 1085 1458 1142 priores
1487 1084 1619 1127 libros
1648 1083 1757 1127 Livii

30 1144 68 1163 ⁴
253 1164 338 1194 non
360 1152 496 1195 solum
517 1155 774 1208 cognoverit,
795 1154 870 1197 sed
891 1155 1020 1198 etiam
1041 1166 1186 1197 eorum
1197 1154 1243 1196 in
1260 1152 1446 1197 studium
1465 1152 1715 1196 incubuerit.
1726 1152 1755 1207 ¹)

0 1212 49 1261 ’ἲ
376 1220 476 1276 ,Quo
513 1226 655 1265 autem
691 1222 788 1266 dolo
826 1217 962 1266 Cacus
998 1235 1098 1266 usus
1135 1223 1202 1278 sit,
1239 1226 1286 1266 ut
1320 1221 1478 1265 furtum
1523 1221 1755 1277 obtegeret,

252 1289 412 1333 eisdem
441 1291 528 1334 fere
558 1292 697 1335 verbis
727 1293 877 1347 quibus
898 1292 1040 1335 Livius
1071 1297 1115 1335 et
1144 1291 1403 1348 Propertius,
1436 1290 1683 1334 describunt
1712 1296 1755 1334 et

251 1356 462 1413 Vergilius
492 1358 599 1404 Aen.
630 1359 744 1405 VIII.
775 1358 881 1405 209:

416 1433 541 1484 atque
571 1430 662 1484 hos,
691 1444 746 1473 ne
777 1444 860 1485 qua
889 1431 1028 1473 forent
1057 1430 1238 1487 pedibus
1269 1430 1448 1482 vestigia
1476 1430 1617 1482 rectis,
1655 1422 1662 1428 ⁴

420 1496 558 1542 cauda
586 1498 631 1541 in
663 1499 913 1557 speluncam
942 1503 1101 1543 tractos
1131 1499 1343 1555 versisque
1372 1498 1536 1541 viarum
1694 1507 1696 1510 ⁴

417 1565 586 1611 indiciis
616 1572 761 1625 raptos
791 1582 896 1612 saxo
925 1568 1171 1612 occultabat
1200 1581 1348 1625 opan.

253 1638 295 1676 et
324 1633 496 1678 Ovidius
525 1634 632 1679 Fast
660 1635 692 1679 Ι.
726 1635 827 1680 15οε

416 1707 608 1748 traxerat
638 1719 806 1749 aversos
837 1705 973 1750 Cacus
1003 1707 1048 1749 in
1080 1710 1205 1749 antra
1234 1706 1365 1749 ferox.

251 1768 403 1815 Nonne
431 1773 560 1826 igitur
589 1773 671 1817 hac
702 1776 947 1818 constantia
977 1779 1103 1831 atque
1134 1775 1411 1818 consensione
1442 1774 1547 1817 satis
1577 1773 1753 1817 demon-

251 1844 426 1896 stratur,
463 1841 560 1887 illos
597 1845 823 1901 scriptores
860 1845 1071 1889 artissime
1106 1846 1218 1888 inter
1253 1857 1297 1888 se
1334 1842 1590 1887 cohaerere?
1635 1843 1754 1886 Haec

252 1910 394 1967 opinio
426 1911 557 1954 etiam
589 1911 815 1956 adiuvatur
841 1913 1131 1968 similitudine,
1161 1926 1269 1969 quae
1288 1912 1401 1955 inter
1426 1924 1498 1955 eos
1527 1909 1754 1955 intercedit

250 1978 293 2020 in
324 1979 544 2023 ferocitate
574 1980 676 2024 Caci
707 1981 1005 2035 describenda;
1043 1983 1204 2038 pariter
1234 1982 1347 2036 enim
1379 2004 1434 2010 —-
1463 1980 1608 2023 Livius
1639 1980 1753 2023 solus

249 2045 331 2089 hoe
349 2047 507 2091 omittit
522 2071 577 2078 —-
593 2062 690 2093 eum
709 2050 951 2094 semiferum
968 2054 1010 2093 et
1025 2049 1221 2094 flammas
1242 2053 1508 2093 evomentem
1527 2047 1750 2091 inducunt:

306 2115 464 2171 Vergil.
496 2116 610 2161 VIII.
644 2116 745 2161 198:
1224 2118 1340 2162 illius
1366 2122 1480 2162 atros

0 2195 37 2258 ἐς
52 2230 64 2247 v·
81 2236 96 2239 ‘⁷
220 2188 223 2191 ’
553 2198 625 2230 ore
645 2175 819 2231 vomens
839 2188 949 2242 ignis
970 2201 1129 2242 magna
1158 2201 1203 2231 se
1233 2187 1346 2230 mole
1366 2186 1541 2230 ferebat.

48 2248 56 2260 “’
444 2253 635 2311 Propert.
667 2252 741 2298 10:
773 2269 850 2313 per
879 2256 963 2300 tria
991 2257 1172 2313 partitos
1202 2257 1272 2312 qui
1302 2255 1436 2299 dabat
1466 2267 1542 2298 ora
1571 2254 1701 2297 focos.

275 2320 395 2366 Ovid.
427 2321 545 2367 Fast.
578 2323 608 2368 I.
641 2322 743 2367 752:
776 2330 818 2368 et
847 2323 1043 2369 flammas
1073 2338 1144 2369 ore
1175 2329 1355 2369 sonante
1383 2325 1526 2367 vomit.

213 2488 215 2490 .
382 2459 410 2504 ι)
434 2459 467 2495 A
490 2460 616 2496 nostra
639 2459 846 2506 suspicione
861 2460 1004 2497 minime
1020 2460 1236 2497 dissentiunt
1251 2462 1452 2507 temporum
1467 2459 1643 2502 rationes3
1667 2468 1752 2495 nam

246 2516 368 2560 partes
392 2516 512 2564 operis
536 2516 592 2553 sui
617 2516 824 2563 singillatim
841 2517 997 2555 edidisse
1011 2518 1152 2555 Livium
1167 2518 1390 2566 primamque
1412 2518 1552 2564 partem
1567 2515 1661 2552 inter
1682 2515 1751 2553 727

246 2571 284 2606 st
305 2569 374 2609 729
397 2583 430 2609 a.
454 2584 490 2611 u.
520 2573 558 2610 in
588 2574 704 2610 lucem
733 2574 928 2621 protulisse
959 2577 1121 2612 constat:
1150 2575 1376 2622 Propertium
1405 2574 1565 2611 carmina
1586 2572 1752 2610 Romana

201 2627 211 2636 ¹
246 2626 423 2675 supremis
446 2629 544 2668 vitae
567 2631 670 2669 annis
700 2632 883 2680 pepigisse
906 2653 950 2660 —
976 2632 1145 2670 occubuit
1174 2634 1294 2669 autem
1324 2634 1475 2669 mortem
1504 2631 1530 2670 f.
1555 2643 1587 2668 a.
1612 2631 1681 2670 739
1705 2651 1749 2657 —

182 2694 183 2697 ¹
214 2694 230 2706 ¹¹
244 2679 319 2722 iam
341 2695 453 2734 supra
476 2688 679 2728 statuimus
800 2689 803 2692 ”
