1945 3041
851 152 1134 198 -451-

872 347 1012 424 Cap.
1033 321 1107 407 ⁴V.

516 483 585 528 De
613 483 923 529 Romanorum
944 484 1250 539 antiquitate.
1312 481 1371 538 (c.
1402 482 1464 538 I.)

361 605 573 677 Carmine
603 621 754 682 primo,
784 620 896 677 quod
916 625 1046 679 poeta
1064 621 1186 677 quasi
1206 620 1429 677 prologum
1449 620 1578 663 totius
1599 620 1740 677 operis

191 684 196 688 ’
224 702 330 748 <esse
360 689 506 745 voluit,
535 704 590 733 ex
618 690 770 746 quibus
797 690 1030 745 originibus
1050 694 1094 733 et
1114 690 1246 733 initiis
1267 693 1364 733 orta
1382 688 1626 745 respublica
1654 688 1738 732 Ro-

237 771 369 803 mana
399 757 456 802 ad
485 772 696 803 summam
715 760 954 817 potentiam
974 771 1200 816 progressa
1229 759 1297 813 sit,
1328 758 1604 802 demonstrat.
1655 757 1743 801 Ita-

213 839 319 884 ‘que
349 827 539 886 explicat
575 828 776 883 formam,
821 829 1036 884 instituta,
1081 829 1258 872 virtutes
1289 828 1611 883 antiquissimae
1641 827 1743 870 civi-

235 897 350 951 tatis,
378 910 434 940 ea
463 897 608 941 omnia
636 897 797 951 eligens
826 901 870 940 et
899 910 1144 951 congerens,
1175 896 1327 952 quibus
1358 897 1544 939 maxime
1574 900 1738 939 veteres

236 963 420 1009 Romani
449 963 680 1008 floruerint.
696 964 726 1020 ¹)
784 964 900 1008 Cum.
927 970 1071 1009 autem
1106 969 1275 1008 tantum
1311 965 1486 1021 propria
1523 978 1575 1008 ac
1607 977 1742 1020 pecu-

232 1032 364 1089 liaria
393 1033 580 1087 insignia
609 1033 872 1088 singularum
890 1042 1032 1076 rerum
1059 1033 1304 1076 brevissime
1334 1038 1535 1090 exponat,
1566 1037 1632 1076 est
1660 1032 1742 1075 dif-

234 1100 475 1145 ficillimum
523 1103 762 1159 exquirere,
822 1102 973 1158 quibus
1024 1101 1266 1146 auctoribus
1316 1106 1446 1158 poeta
1495 1102 1620 1145 nixus
1669 1102 1737 1145 sit.

235 1169 382 1213 Multis
426 1171 554 1224 igitur
598 1170 704 1214 locis
751 1171 874 1213 nobis
919 1171 1024 1213 satis
1059 1169 1304 1213 habendum
1348 1171 1429 1212 erit
1473 1181 1740 1224 cognoscere,

171 1283 174 1288 .
234 1237 385 1293 quibus
415 1238 540 1282 rebus
572 1253 669 1282 cum
699 1239 796 1283 aliis
825 1238 1101 1296 scriptoribus
1138 1239 1373 1295 conspiret,
1410 1238 1562 1294 quibus
1591 1238 1647 1282 ab
1679 1239 1741 1281 eis

235 1305 471 1351 dissentiat.

370 1374 511 1419 Primo
546 1375 639 1419 loco
675 1380 804 1432 poeta
839 1377 1126 1433 expositurus,
1172 1389 1281 1432 quae
1322 1379 1478 1419 natura
1521 1375 1648 1419 fuerit
1687 1389 1739 1419 ac

233 1442 370 1487 forma
405 1444 657 1488 veterrimae
693 1443 875 1504 Romae,
913 1449 1013 1488 ante
1049 1443 1223 1488 Aeneae
1260 1448 1446 1505 aetatem
1480 1443 1587 1487 nihil
1621 1443 1738 1488 urbis

236 1511 373 1555 simile
403 1513 615 1556 exstitisse
643 1512 825 1558 iudicat:
1550 1508 1553 1511 ’

372 1580 466 1635 hoc,
495 1580 774 1637 quodcunque
803 1581 934 1636 vides,
963 1581 1131 1638 hospes,
1161 1594 1247 1637 qua
1274 1581 1464 1624 maxima
1492 1581 1683 1636 Romast,

371 1653 471 1693 ante
500 1648 712 1706 Phrygem
740 1649 916 1693 Aenean
949 1649 1071 1693 collis
1101 1653 1144 1693 et
1174 1648 1308 1692 herba
1336 1649 1427 1692 fuit.

201 1713 395 1760 'Tamen
425 1730 479 1760 ex
508 1717 588 1760 hoc
617 1729 704 1760 non
734 1717 1021 1772 colligendum
1051 1721 1128 1772 est,
1158 1716 1426 1774 Propertium
1452 1730 1548 1760 eam
1574 1717 1739 1773 opinio-

233 1795 333 1828 nem
357 1790 548 1829 secutum
568 1799 673 1841 esse,
694 1800 803 1842 quae
829 1786 985 1841 legitur
1005 1785 1121 1843 apud
1141 1785 1316 1829 Festum
1336 1800 1377 1842 p.
1398 1783 1503 1829 266:
1536 1784 1739 1839 „Romam

234 1853 501 1911 appellatam
522 1866 614 1898 esse
638 1855 860 1912 Cephalon
881 1854 1125 1909 Gergithius
1151 1853 1243 1910 (qui
1274 1853 1327 1898 de
1358 1853 1543 1899 adventu
1563 1855 1737 1899 Aeneae

233 1923 278 1967 in
306 1922 476 1968 Italiam
497 1923 664 1968 videtur
684 1924 1002 1981 conscribsisse)
1024 1925 1086 1981 ait
1107 1924 1162 1967 ab
1183 1920 1352 1967 homine
1373 1923 1559 1979 quodam
1579 1926 1735 1978 comite

216 1991 417 2036 Aeneae.
477 2006 573 2040 eum
603 1993 716 2037 enim
747 1997 955 2050 occupato
986 1997 1129 2036 monte
1159 1993 1229 2048 qui
1259 2005 1373 2036 nunc
1403 1991 1596 2037 Palatius
1627 1992 1733 2037 dici-

230 2065 324 2115 tur,
365 2060 518 2112 urbem·
531 2090 535 2093 -
549 2061 787 2125 condidisse
824 2066 951 2117 atque
987 2075 1085 2105 eam
1117 2061 1298 2104 Romam
1336 2058 1615 2117 nominasse«,
1659 2062 1735 2106 scd

368 2186 396 2230 ¹)
419 2184 643 2223 Maxime-ex
660 2185 735 2222 hoc
754 2185 920 2229 carmine,
945 2196 1026 2221 cum
1042 2195 1112 2221 non
1131 2185 1302 2231 praebeat
1318 2185 1558 2222 continentem
1586 2197 1630 2222 ac
1653 2197 1733 2233 per-

230 2243 378 2287 petuam
412 2242 669 2288 narrationem,
707 2242 769 2279 sed
805 2242 1107 2279 enumerationem
1143 2241 1364 2288 singularum
1399 2253 1532 2286 rerum,
1569 2243 1732 2279 nonnulli

11 2295 54 2358 ‘-
69 2346 82 2353 ἡ
134 2298 137 2299 ’
170 2345 174 2349 ¹
229 2300 478 2346 argumentum
501 2293 723 2347 petiverunt,
755 2308 826 2347 quo
852 2300 1097 2336 demonstrare
1121 2299 1361 2343 conabantur,
1393 2299 1527 2346 elegias
1551 2299 1732 2338 Romanas

229 2354 449 2404 interruptas
483 2359 521 2393 et
555 2356 770 2404 dissipatas,
806 2357 960 2404 ideoque
993 2356 1222 2404 imperfectas
1257 2367 1346 2395 csse.
1394 2357 1498 2402 Quod
1522 2368 1567 2393 ne
1598 2357 1634 2394 in
1662 2358 1732 2394 hoc

229 2412 378 2460 quidem*
396 2420 540 2451 carmen
563 2414 671 2451 cadit.
707 2414 798 2451 Nam
822 2425 931 2461 quam
954 2413 1114 2451 dilucida
1129 2413 1178 2450 sit
1193 2413 1367 2450 orationis
1392 2414 1598 2461 descriptio,
1624 2426 1733 2462 quam

229 2470 307 2507 nte
329 2471 547 2509 cohaereant
570 2471 733 2519 singulae
756 2472 965 2516 sententiae,
989 2471 1188 2508 docuerunt
1205 2470 1409 2508 Krahnerus
1432 2472 1559 2511 Philol.
1583 2475 1670 2512 tom.
1685 2475 1731 2511 27

23 2560 50 2578 ·.-
77 2562 84 2571 ,,
104 2566 106 2570 ,
200 2536 202 2538 “
228 2527 349 2573 (1868)
370 2537 408 2575 p.
430 2529 477 2567 63
500 2531 538 2566 et
560 2529 753 2566 Brandtius
769 2541 805 2576 p.
822 2532 867 2567 35
874 2543 884 2574 ;
908 2529 1034 2576 paucis
1057 2530 1198 2564 tantum
1222 2528 1312 2565 locis
1336 2529 1424 2565 ordo
1449 2539 1617 2565 versuum
1633 2530 1730 2566 vide-

24 2583 72 2614 ’ἐ
140 2620 144 2622 ,
174 2626 176 2630 y
227 2585 288 2620 tur
321 2583 563 2623 immutandus
598 2597 689 2632 esse,
724 2587 769 2625 cf.
793 2586 891 2631 Otto,
922 2587 959 2622 in
983 2586 1177 2623 Comment.
1209 2585 1333 2632 philol,
1368 2587 1403 2621 in
1434 2587 1607 2623 honorem
1632 2587 1729 2624 Reif-

227 2639 441 2687 ferscheidii,
468 2643 612 2684 Vratisl.
638 2646 739 2690 1884,
762 2657 797 2693 p.
823 2646 867 2684 10
890 2647 957 2682 etc.

1500 2714 1524 2749 4
