1945 3041
790 222 1133 296 ⁵-210-

872 444 1007 521 Cap.
1046 443 1110 504 11.
1738 526 1746 550 ⁴

236 582 359 639 Quae
388 583 511 626 ratio
542 583 801 627 intercedat
828 584 955 628 mter
983 584 1283 639 Propertium
1318 585 1367 627 ot
1393 555 1749 646 carmanum}

370 708 527 753 Omnes
558 714 728 766 poetas,
773 711 843 765 qui
889 715 1031 753 aetate
1078 711 1257 764 Augusti
1303 709 1535 768 floruerint,
1580 711 1625 766 in
1678 682 1750 753 ili-'³

234 778 462 834 sciplinam
484 792 582 821 cum
602 778 872 834 reliquorum,
895 779 966 834 qui
987 778 1185 822 dicuntur
1205 777 1501 832 Alexandrini,
1522 775 1751 840 poetarum

234 859 279 888 se
308 846 552 900 tradidisse,
582 852 674 890 tum
703 848 890 891 maxime
921 847 1190 901 Callimachi,
1220 860 1347 902 quem
1381 846 1751 925 elegantissimum

235 914 430 957 habitum
461 928 553 958 esse
583 916 675 958 noti
706 915 770 958 illi
801 914 939 958 Ovidii
970 929 1116 959 versus
1146 914 1407 969 significant.

320 1006 415 1047 Am.
443 1005 471 1048 1
497 1004 660 1059 15,13.
693 1005 915 1049 Battiades
946 1011 1035 1049 toto
1066 1020 1236 1063 semper
1265 1006 1511 1049 cantabitur
1540 1005 1656 1059 orbe,

677 1075 886 1130 ·quamvis
915 1076 1087 1130 ingenio
1118 1087 1203 1118 non
1233 1075 1367 1130 valet,
1400 1079 1491 1118 arte
1520 1073 1649 1127 valet,

236 1166 366 1209 inter-
391 1178 537 1209 omnes
583 1170 764 1210 constat.
830 1165 965 1210 Huius
995 1167 1109 1210 enim
1157 1178 1244 1210 non
1280 1165 1406 1210 modo
1451 1166 1662 1227 rationem
1703 1161 1746 1217 e't
1776 1223 1782 1227 ⁴

235 1248 473 1277 sermonem
531 1236 690 1278 imitari
739 1235 971 1289 solebant,
1043 1235 1119 1278 sed
1185 1236 1318 1278 etiam
1378 1239 1633 1290 argumenta
1691 1247 1744 1277 ac
1799 1237 1803 1241 ”

235 1302 425 1357 singulos
470 1316 615 1346 versus
655 1303 977 1348 transtulerunt.
1040 1302 1172 1355 Quod
1216 1304 1260 1347 in
1298 1294 1536 1357 Vergilium
1575 1301 1743 1356 cadere,

236 1370 399 1413 Gellius
439 1371 681 1414 testimonio
718 1371 943 1415 confirmat
979 1371 1054 1414 IX.
1092 1369 1181 1425 9‚3:
1235 1372 1371 1424 „Scite
1406 1372 1535 1426 igitur
1572 1375 1615 1414 et
1644 1382 1744 1414 con-

235 1437 421 1482 siderate
453 1438 666 1493 Vergilius
703 1445 778 1483 aut
812 1439 985 1483 Homeri
1031 1445 1106 1483 aut
1141 1439 1359 1497 Apollonii
1405 1444 1481 1483 aut
1524 1438 1762 1490 Parthenii*

236 1512 310 1549 aut
340 1507 649 1550 Callimachi
680 1512 756 1551 aut
774 1508 984 1551 Theocriti
1016 1513 1091 1551 aut
1119 1507 1387 1563 quorundam
1417 1508 1598 1550 aliorum
1626 1507 1744 1563 locos
1870 1506 1882 1513 ’

233 1589 330 1618 eum
380 1574 603 1630 effingeret
661 1581 829 1633 partem
890 1576 1060 1632 reliquit
1118 1580 1287 1634 partem
1346 1576 1590 1634 expressit.“
1678 1568 1743 1629 De

233 1643 454 1700 Propertio
492 1649 636 1687 autem
678 1645 796 1687 nullo
839 1645 1032 1699 graviore
1077 1649 1186 1688 teste
1241 1646 1300 1687 uti
1347 1656 1570 1701 possumus
1616 1656 1745 1699 quam
1801 1647 1880 1703 43

234 1718 364 1768 poeta
407 1714 524 1769 ipso,
560 1714 718 1770 quippe
755 1714 824 1768 qui
861 1718 1008 1769 aperte
1041 1726 1093 1756 ac
1123 1712 1257 1755 libere
1288 1711 1550 1768 profiteatur,
1582 1725 1627 1755 se
1658 1724 1765 1754 non.¹
1808 1703 1888 1771 Jsssjf‘

233 1780 371 1823 solum
402 1780 458 1824 ad
488 1780 813 1835 Callimachum,
861 1782 931 1838 ubi
976 1780 1067 1824 fieri
1114 1781 1312 1837 potuerit,
1356 1794 1402 1824 se
1440 1780 1743 1838 applicavisse,

233 1849 309 1893 sed
340 1851 473 1894 etiam
503 1850 609 1893 nihil
636 1851 774 1904 magis
805 1851 1079 1908 appetivisse,
1117 1862 1246 1904 quam
1284 1854 1331 1893 ut
1367 1849 1583 1893 Romanus
1612 1842 1744 1893 Calli-
1801 1842 1898 1910 ,2353-‘52

234 1919 411 1963 machus
443 1920 752 1963 nominaretur:
1810 1915 1814 1917 ’
1840 1910 1856 1934 ”’

305 2010 357 2053 V.
390 2009 507 2066 1,63:
539 2016 586 2054 ut
616 2011 771 2054 nostris
802 2010 1036 2054 tumefacta
1065 2009 1286 2067 superbiat
1315 2008 1494 2053 Umbria
1523 2009 1658 2064 libris,

537 2079 716 2123 Umbria
744 2079 927 2123 Romani
959 2080 1103 2136 patria
1132 2078 1399 2122 Callimachi.

292 2171 362 2215 IV.
398 2170 499 2226 1,1:
538 2170 792 2214 Callimachi
823 2184 971 2214 manes
1001 2175 1045 2213 et
1073 2170 1148 2214 Coi
1180 2184 1305 2214 sacra
1334 2169 1542 2225 Philetae,

537 2241 582 2283 in
611 2244 811 2294 vestrum,
843 2251 1017 2294 quaeso,
1048 2253 1117 2282 me
1147 2239 1274 2282 sinite
1304 2239 1365 2282 ire
1397 2236 1556 2281 nemus.

306 2334 355 2378 V.
388 2332 491 2387 6‚3:
538 2333 627 2376 Ara
658 2333 887 2376 Philetaois
918 2338 1051 2376 certet
1070 2332 1277 2376 Romana
1307 2330 1519 2388 corymbis

538 2408 582 2445 ct
611 2401 854 2458 Cyrenaeas
883 2414 993 2445 urna
1022 2401 1235 2445 ministret
1266 2413 1412 2456 aquaS.
1460 2460 1462 2462 v

290 2494 362 2537 1v.
385 2492 509 2548 9‚43:
541 2494 652 2536 inter
682 2482 938 2536 Callimachi
969 2498 1036 2535 sat
1065 2494 1150 2536 erit
1180 2476 1393 2549 placuisse
1423 2490 1606 2544 libellos,

538 2565 581 2605 et
610 2562 818 2604 cecinisse
848 2560 1000 2615 modis,
1031 2560 1117 2604 Coe
1149 2564 1293 2617 poeta,
1325 2560 1419 2604 tuis.
1481 2563 1562 2602 etc.

233 2653 395 2698 Tamen
432 2667 542 2710 quae
578 2654 689 2697 ratio
730 2652 971 2697 intercedat
1015 2654 1127 2696 inter
1169 2653 1246 2696 hos
1282 2656 1442 2709 >poetas
1485 2645 1669 2707 difficili

234 2727 300 2768 est
314 2724 508 2793 quaestio
528 2723 574 2766 in
593 2735 761 2771 summa
785 2723 967 2779 penuria
989 2734 1135 2784 eorum
1154 2722 1344 2779 ipsorum
1359 2720 1613 2774 carminum,
