1945 3041
315 746 440 838 Sex.
475 778 685 836 Propertii
727 778 924 822 ultimum
967 779 1054 822 sive
1085 779 1291 834 ‘quintum
1340 777 1534 826 librum¹)
1564 791 1676 851 per-

104 904 107 907 ,
177 849 359 893 multum
374 863 401 892 a
416 848 588 903 reliquis
609 846 790 901 differre,
812 848 948 904 primo
965 852 1140 904 aspectu
1162 847 1289 890 facile
1309 846 1501 901 intellegi
1521 850 1673 903 potest.

24 914 50 941 ··“
102 933 107 937 ’
174 915 285 961 Nam
301 930 398 961 cum
419 917 579 973 priores
594 916 693 958 libri
708 916 754 958 in
774 917 892 972 poesi
913 911 1137 970 amatoria,
1158 917 1388 973 praecipue
1406 917 1449 959 in
1464 914 1673 971 Cynthiae

172 984 372 1029 laudibus
389 983 658 1027 celebrandis
676 988 897 1037 versentur
913 985 1047 1027 —ita
1066 989 1113 1026 ut
1133 985 1293 1040 primus
1312 983 1422 1027 liber
1443 983 1674 1040 ‚,Cynthia“

13 1104 19 1111 ,
56 1098 65 1105 ⁴
174 1053 348 1097 inscribi
370 1053 554 1109 potuerit
583 1076 636 1081 ——
659 1066 877 1109 perpauca
899 1057 1040 1095 autem
1061 1053 1255 1095 carmina
1275 1052 1330 1095 ab
1354 1064 1499 1095 amore
1529 1051 1675 1095 aliena

0 1175 2 1178 .
96 1121 98 1123 ’
152 1122 443 1179 contineant,
473 1121 660 1164 maxime
689 1121 834 1175 quinto
864 1120 974 1163 libro
1005 1120 1165 1174 elegias
1196 1120 1458 1174 argumentis
1486 1121 1597 1163 inter
1627 1133 1673 1163 se

0 1188 39 1245 ’1'
176 1188 484 1235 dissimillimas
513 1190 651 1232 inesse
680 1187 924 1242 videmus.²)
975 1176 983 1190 ⁹

0 1249 40 1312 Γῖζῖ
77 1256 113 1307 ,J
307 1258 401 1302 Huc
422 1257 602 1312 accedit,
633 1257 745 1313 quod
767 1258 960 1301 carmina
980 1257 1100 1301 nulla
1119 1258 1284 1301 ratione
1306 1264 1349 1301 et
1375 1258 1492 1301 nullo
1522 1256 1670 1300 ordine

173 1326 341 1386 digesta
370 1325 691 1381 inveniuntur3).
751 1325 900 1381 Itaque
930 1327 1008 1369 viri
1045 1326 1283 1369 doctissimi
1318 1327 1432 1370 enixi
1470 1330 1581 1380 sunt,
1627 1331 1675 1368 ut

174 1408 326 1440 causas
355 1396 489 1440 mirae
519 1394 617 1439 libri
654 1393 915 1450 condicionis
950 1394 1235 1451 explorarent.
1295 1393 1479 1447 Quorum
1517 1408 1672 1450 agmen

21 1493 71 1519 ,.
175 1463 294 1507 ducit
337 1465 442 1508 artis
477 1463 762 1521 philologicae
797 1464 932 1518 heros,
979 1463 1156 1507 Carolus
1199 1463 1515 1507 Lachmannus.
1597 1462 1674 1505 Hic

49 1529 51 1531 ’
174 1533 288 1576 enim
319 1532 440 1586 „libri
460 1532 600 1588 quarti
621 1533 815 1576 carmina
843 1545 929 1575 non
960 1532 1014 1575 ab
1044 1533 1139 1590 ipso
1169 1538 1298 1590 poeta
1328 1532 1564 1586 elaborata,
1596 1530 1673 1575 sed

175 1602 231 1646 ab
252 1602 343 1644 eius
364 1601 526 1655 amicis,
557 1602 620 1644 ita
640 1602 750 1644 utin
771 1614 891 1644 ceras
921 1606 1079 1644 temere
1111 1602 1318 1655 coniecta,
1349 1600 1472 1644 rudia
1501 1599 1673 1655 quidem

173 1669 253 1713 illa
295 1673 339 1712 et
381 1668 596 1723 indigesta
638 1669 902 1722 invenerant,
947 1668 1064 1712 edita
1107 1669 1267 1724 essc“⁴)
1311 1669 1551 1726 suspicatus
1594 1673 1671 1712 est.

174 1737 293 1789 Quod
313 1738 662 1781 excellentissimi
687 1738 764 1780 viri
784 1737 988 1780 iudicium
1010 1737 1111 1780 mihi
1132 1739 1176 1780 in
1199 1736 1306 1780 duas
1332 1742 1478 1793 partes
1507 1735 1674 1780 videtur

175 1805 450 1852 dividendum
480 1819 585 1860 csse,
617 1819 795 1861 quarum
825 1819 955 1850 unam
986 1811 1153 1849 tantum
1189 1819 1333 1850 veram
1371 1819 1463 1850 esse
1502 1805 1674 1862 probari

313 1931 340 1974 ¹)
365 1929 405 1965 Iu
440 1928 616 1976 Propertii
654 1927 770 1972 libris,
806 1929 1041 1974 carminibus,
1077 1929 1238 1965 versibus
1277 1928 1468 1964 laudandis
1505 1927 1674 1963 editionis

173 1986 404 2033 Hauptianae
426 1986 583 2022 numeris
605 1987 698 2023 utar.

309 2044 338 2088 ²)
363 2044 417 2080 De
447 2043 604 2091 Cynthia
637 2045 780 2078 tautum
809 2043 949 2079 duobus
982 2044 1197 2080 carminibus
1233 2044 1282 2089 (c.
1307 2045 1329 2080 7
1353 2046 1390 2079 et
1412 2044 1449 2086 8)
1485 2043 1544 2089 agi
1579 2044 1675 2077 certe

139 2095 141 2097 ¹
174 2100 406 2137 statuendum
421 2103 493 2143 est3
518 2111 602 2135 num
619 2110 647 2135 c.
665 2100 698 2143 5,
716 2110 787 2146 quo
804 2099 922 2135 lenam
944 2100 1044 2136 illam
1067 2100 1367 2146 improbissimam
1390 2102 1501 2147 poeta
1524 2100 1675 2136 devovet

174 2159 284 2211 atque
307 2159 524 2201 exsecratur,
548 2156 594 2193 ad
619 2156 811 2204 Gynthiam
834 2157 1024 2202 pertineat,
1048 2157 1192 2204 saepius
1217 2158 1283 2194 viri
1308 2157 1507 2194 doctissimi
1533 2158 1674 2194 dubita-

62 2298 73 2313 ,
174 2266 358 2316 clitantem
381 2272 479 2315 (lata,
503 2282 533 2306 c.
560 2273 603 2308 11
628 2271 828 2316 epicedium
860 2271 895 2305 in
925 2271 1097 2307 honorem
1121 2267 1338 2307 Corneliae(
1368 2272 1525 2318 Reliquis
1556 2274 1676 2308 autem

156 2326 220 2375 ¹(c.
245 2329 277 2372 1,
300 2328 333 2371 2,
357 2328 391 2372 4,
414 2329 448 2371 9,
474 2328 533 2374 10)
558 2329 669 2375 poeta
692 2327 920 2375 antiquitatis
947 2327 1129 2365 Romanae
1151 2340 1279 2376 mores,
1311 2329 1413 2374 ritus,
1447 2329 1589 2366 fabulas
1614 2328 1675 2365 de-

150 2403 154 2405 ·
173 2386 352 2433 monstrat
375 2387 484 2431 atque
508 2385 705 2432 praedicat,
730 2385 778 2421 ad
801 2396 907 2432 quem
930 2396 1114 2425 numerum
1138 2386 1365 2422 adiciendum
1388 2397 1466 2422 esse
1490 2397 1520 2424 c.
1544 2387 1578 2430 6,
1603 2397 1675 2433 quo

162 2440 378 2493 ‘Augustum
401 2441 548 2478 summis
571 2440 739 2479 laudibus
763 2441 875 2486 effert,
898 2442 1088 2479 verisimile
1112 2445 1177 2479 est.

148 2503 153 2532 ζ
309 2498 340 2544 ⁸)
364 2498 488 2544 Longe
511 2509 616 2535 secus
640 2499 824 2536 existimat
847 2500 913 2538 Th.
936 2500 1071 2537 Birtius
1095 2501 1265 2546 (Antikes
1287 2502 1508 2537 Buchwesen
1531 2512 1567 2547 p.
1590 2501 1676 2548 425)

134 2554 319 2611 332J3ingnla
341 2555 502 2592 carmina
524 2557 623 2592 certo
648 2556 798 2593 consilio
822 2556 1002 2604 disposita
1025 2568 1114 2594 esse.
1162 2557 1296 2595 Vellem
1319 2558 1601 2608 demonstrasset
1624 2558 1678 2593 vir

200 2611 406 2654 notissimus
429 2611 527 2648 illam
551 2613 736 2657 rationem,
762 2625 836 2660 qua
859 2615 1018 2651 carmina
1041 2615 1180 2660 digesta
1205 2626 1284 2651 esse
1308 2617 1424 2661 putat.

221 2699 223 2701 .
310 2669 344 2714 ⁴=)
368 2667 413 2703 cf.
438 2667 559 2704 Editio
584 2668 781 2716 Lipsiensis
805 2671 927 2719 (1816)
951 2682 986 2717 p.
1010 2671 1089 2709 329.

140 2252 141 2255 ,
173 2216 312 2253 verunt.
358 2225 388 2250 c.
413 2214 436 2250 3
460 2217 516 2250 est
539 2214 695 2260 epistola
719 2214 920 2250 Arethusae
944 2215 990 2250 ad
1014 2215 1189 2262 Lycotam
1211 2215 1380 2251 maritum
1402 2215 1440 2251 in
1463 2215 1557 2252 bello
1582 2216 1674 2262 peri-
1743 2262 1749 2267 l
