1945 3041
822 207 1105 253 „27-

209 325 611 397 .M³e'tamorphoseon
649 335 757 386 libro
788 334 889 378 VIII
934 335 1255 391 comparaverit.
1331 335 1484 379 Mirum
1521 336 1634 378 enim
1669 337 1711 378 in

213 396 385 450 modum
402 402 544 448 Ovidii
575 408 619 448 et
639 403 848 462 Propertii
869 405 1061 448 carmina
1080 405 1326 462 conspirare
1345 396 1547 449 videmus.
1594 404 1712 457 Quod

137 464 143 468 ⁴
211 483 294 530 quo
323 473 493 517 facilius
523 472 808 529 intellegatur,
838 472 916 516 illa
945 473 1137 517 carmina
1156 472 1210 517 de
1230 472 1411 530 Tarpeia
1433 478 1476 517 et
1496 472 1550 517 de
1570 473 1714 530 Scylla

144 540 161 589 ⁵<
213 545 468 599 componere
496 541 602 585 mihi
630 541 775 587 liceat.

347 620 489 676 Atque
519 620 701 679 Tarpeia
731 634 922 676 egressa,
960 627 1006 665 ut
1041 622 1182 665 facere
1213 622 1333 676 solet,
1365 621 1420 665 ad
1452 623 1630 676 fontem,
1667 626 1714 665 ut

72 736 87 753 ,a
124 736 127 739 Α
153 688 155 690 ’
214 704 367 746 aquam
398 690 580 745 hauriat,
611 689 759 748 procul
794 689 959 733 Tatium
989 703 1132 745 regem
1167 691 1389 747 conspicit,
1419 691 1712 747 obstupefacta

70 752 95 812 g*
211 760 323 814 regis
352 758 560 815 (lignitate
591 773 643 804 ac
672 758 844 803 decoret
1027 752 1038 761 '

135 818 145 823 ”
472 827 579 873 vidit
609 828 798 879 arenosis
831 827 996 872 Tatium
1027 828 1251 886 proludere
1281 829 1444 886 eampis

474 897 672 953 pictaque
706 910 784 954 per
812 895 945 941 flavas
976 911 1097 940 arma
1125 897 1267 940 levare
1297 897 1431 941 iubas.

472 965 690 1023 obstupuit
719 966 829 1021 regis
859 965 968 1010 facie
998 969 1042 1010 et
1071 965 1284 1021 regalibus
1315 967 1444 1011 armis

0 1035 61 1071 ἱ.
472 1035 663 1089 interque
693 1034 848 1077 oblitas
878 1033 1037 1078 excidit
1066 1047 1173 1077 urna
1202 1047 1367 1078 manus.

210 1114 354 1170 Neque
385 1115 511 1158 aliter
539 1114 711 1164 Ovidius
741 1115 927 1171 Scyllam
965 1117 1008 1158 in
1046 1130 1212 1158 murum
1243 1115 1543 1158 ascendentem
1576 1130 1626 1158 ac
1657 1115 1711 1158 de

210 1184 426 1241 superiore
455 1183 550 1228 loco
581 1182 862 1229 admirantem
879 1184 1151 1242 ,imperatoris
1176 1183 1343 1228 hostilis
1362 1184 1514 1228 faciem
1535 1183 1710 1237 inducit,

0 1269 40 1299 ,ι
209 1267 463 1310 quamquam
494 1253 663 1299 uberius
693 1257 819 1309 atque
840 1254 1077 1308 elegantius
1098 1253 1252 1297 Minois
1273 1254 1458 1310 speciem
1487 1253 1709 1296 describit:

209 1336 246 1364 v.
267 1320 456 1365 23-36:
489 1327 664 1367 noverat
694 1327 793 1366 ante
829 1322 935 1365 alios
965 1323 1118 1365 faciem
1149 1321 1268 1365 ducis
1297 1321 1528 1379 Europaei,

1 1385 12 1428 Ῐ
57 1443 60 1447 ¹
480 1389 576 1446 plus
596 1391 740 1449 etiam,
771 1389 1041 1446 quam‘nosse
1061 1394 1129 1433 sat
1148 1394 1225 1433 est.
1275 1389 1367 1433 Hac
1396 1388 1535 1433 iudice
1558 1389 1709 1444 Minos,

47 1493 57 1498 -
480 1471 554 1502 seu
585 1464 714 1516 caput
744 1458 969 1503 abdiderat
997 1460 1172 1502 cristata
1203 1458 1369 1503 casside
1398 1459 1565 1516 pennis,

480 1527 521 1571 in
555 1527 679 1582 galea
708 1527 915 1572 formosus
935 1533 1027 1572 erat
1043 1561 1193 1572 ......

0 1583 81 1689 ἐξ
114 1626 133 1639 ψ,
367 1610 796 1654 ....purpureusque
827 1597 915 1640 albi
945 1598 1088 1641 stratis
1118 1597 1302 1651 insignia
1331 1597 1457 1654 pictis

478 1669 599 1719 terga
627 1666 848 1723 premebat
877 1666 973 1721 equi
1003 1666 1328 1722 spumantiaque
1357 1677 1433 1708 ora
1461 1665 1649 1720 regebat,

479 1733 551 1774 vix
581 1746 670 1788 sua,
700 1734 771 1775 vix
801 1746 932 1776 sanae
961 1734 1077 1787 virgo
1106 1732 1253 1777 Niseia
1282 1745 1456 1790 compos

262 1857 264 1859 ι
479 1802 633 1845 mentis
662 1807 765 1845 erat.

207 1878 365 1924 Amore
395 1880 764 1925 vehementissimo
795 1886 923 1938 capta
951 1887 1127 1937 utraque
1148 1882 1417 1937 conqueritur
1446 1881 1499 1924 de
1520 1895 1596 1925 sua
1626 1881 1708 1925 for-

207 1952 313 1992 tuna
341 1962 394 1993 ac
425 1963 539 2004 casu,
569 1953 746 2006 utraque
776 1948 1005 2004 deliberat,
1041 1954 1182 2008 utrum
1216 1950 1383 2007 patriae
1413 1949 1539 1995 fidem
1571 1955 1710 1995 servet

205 2031 260 2060 an
298 2018 526 2076 cupiditati
564 2032 664 2062 suae
702 2023 864 2074 pareat.
935 2020 1082 2074 ltaque
1118 2024 1339 2074 utramque
1375 2020 1582 2073 virginem
1620 2020 1708 2063 sere

203 2084 384 2129 eundem
417 2086 609 2131 ordinem
640 2089 944 2131 sententiarum
975 2088 1093 2143 sequi
1124 2101 1204 2144 par
1232 2101 1325 2131 esse
1354 2087 1539 2132 videtur:

155 2196 157 2199 .
222 2153 347 2212 Prop.
368 2153 444 2198 25:
476 2169 605 2213 saepe
634 2156 733 2199 tulit
762 2155 931 2199 blandis
957 2160 1166 2210 argentea
1194 2156 1288 2199 lilia
1318 2157 1529 2213 nymphis,

476 2223 658 2268 Romula
685 2238 741 2268 ne
771 2225 924 2268 faciem
954 2224 1144 2269 laederet
1172 2224 1296 2269 hasta
1325 2225 1431 2269 Tati.

208 2330 210 2332 ,
278 2291 352 2336 Ov.
373 2289 448 2337 64:
480 2307 581 2337 nam
609 2299 796 2338 metuam
828 2299 955 2348 certe,
986 2307 1040 2338 ne
1069 2295 1169 2350 quis.
1191 2299 1267 2338 tua
1296 2298 1482 2351 pectora,
1513 2293 1665 2348 Minos,

473 2361 668 2407 vulneret
695 2363 956 2421 imprudens.

209 2427 345 2491 „Propf
366 2429 442 2473 56:
474 2431 562 2475 dos
592 2432 670 2476 tibi
700 2444 796 2475 non'
815 2433 984 2476 humilis
1014 2432 1185 2490 prodita
1213 2432 1353 2476 Roma
1381 2432 1509 2475 venit.

179 2499 181 2501 ’
277 2496 351 2542 Ov.
372 2496 448 2543 67:
481 2504 635 2563 coepta
662 2500 855 2560 placent:
887 2506 930 2546 et
958 2505 1045 2547 stat
1073 2502 1299 2557 sententia,
1330 2500 1497 2546 tradere
1518 2514 1685 2545 mecum

475 2569 700 2614 dotalem
730 2572 928 2628 patriam,
958 2570 1174 2627 finemque·
1198 2572 1423 2628 imponere>
1448 2570 1614 2626 bello.¹)

339 2714 369 2759 ¹)
393 2714 440 2751 cf.
464 2715 571 2764 Prop.
589 2717 647 2753 lv.
666 2719 721 2763 19,
731 2706 800 2755 '232
825 2719 919 2756 hanc
935 2690 1046 2766 igitur
1061 2717 1183 2756 dotem
1206 2710 1307 2766 virgo
1332 2717 1576 2771 desponderat
1599 2717 1708 2754 hosti.
