1945 3041
856 260 914 267 -
969 227 1137 281 33·-

249 365 329 411 hoc
359 376 413 407 ex
439 374 523 418 quo
549 360 844 418 desumpserit,
874 375 1076 417 quaerere
1097 373 1204 418 opus
1223 374 1316 405 esse
1335 373 1421 405 non
1439 359 1625 422 videtum
1647 374 1748 405 nam

143 459 148 462 -
180 428 182 430 ’
240 444 396 477 ‘omnes
426 433 619 474 auctores
647 430 693 473 in
723 429 804 473 hac
829 444 874 473 re
894 430 1006 473 inter
1026 444 1071 474 se
1091 430 1349 487 conspirant.
1394 429 1748 474 Luculentissime

105 495 121 504 ’
207 489 217 494 “
232 499 358 545 ·illu‹1
377 498 600 557 praedicat
619 497 785 553 Festus,
812 498 930 542 cuius
948 489 1236 543 testimonium
1255 496 1748 555 perVerriumFlaccum

241 568 307 616 ,ad
327 567 565 612 Varronem
584 567 722 611 redire
751 568 839 611 iam
869 569 1024 612 scimus
1053 570 1169 625 (pag.
1190 566 1275 611 237
1296 566 1575 624 ed.,Muuer):
1607 566 1750 622 „Pari-

181 631 183 633 ’
249 637 361 683 libus
389 636 538 680 urbem
568 635 760 679 condidit
788 635 992 680 Romulus
1029 650 1154 692 quem
1189 636 1303 680 diem
1333 637 1488 681 festum
1517 638 1748 694 praecipue

249 705 471 750 habebant
498 706 719 749 iuniores,“
765 704 833 748 Ex
853 705 1044 750 Varrone
1065 705 1206 750 hausit
1225 707 1358 750 etiam
1377 705 1524 750 Cicero
1545 705 1599 750 de
1619 704 1748 749 divin.

250 773 304 829 II,
335 772 410 819 98:
471 774 647 828 „Lucius
684 774 855 829 quidem
884 773 1079 818 Tarutius
1108 773 1336 818 Firmanus
1370 776 1414 818 in
1445 775 1593 831 primis
1622 773 1750 818 Chal-

250 842 385 887 daicis
415 842 650 887 rationibus
681 841 881 897 eruditus,
911 843 1028 886 urbis
1057 843 1189 886 etiam
1217 848 1388 887 nostrae
1418 843 1609 887 natalem
1636 842 1749 887 diem

250 911 472 969 repetebat
508 911 563 955 ab
598 912 650 954 iis
686 910 899 954 Parilibus
936 911 1087 967 quibus
1124 925 1221 955 eam
1256 925 1284 955 a
1311 911 1492 955 Romulo
1531 911 1750 956 conditam

252 980 531 1038 accepimus“
590 978 735 1036 Neque
764 993 863 1025 vero
894 979 1204 1035 neglegendum
1242 985 1319 1036 est,
1349 980 1462 1037 quod
1495 980 1749 1048 Plutarchus

251 1049 424 1093 exhibet
450 1050 497 1092 in
526 1049 615 1092 vita
643 1049 813 1092 Romuli
843 1048 939 1103 XII,
969 1048 1015 1092 5.
1075 1046 1141 1093 ότι
1168 1047 1250 1104 μὲν
1279 1047 1359 1093 οὖν
1386 1049 1420 1107 ἤ
1445 1050 1580 1099 κτίσις
1602 1049 1750 1107 ημέρᾳ

249 1119 412 1173 γε’νοιτο
431 1118 483 1175 τῇ
504 1116 590 1173 πρὸ
614 1115 768 1160 ἕνδεκα
787 1117 1013 1160 καλανδῶν
1025 1116 1183 1160 Μαίων
1203 1118 1489 1173 ὁμολογεῖται·
1510 1118 1584 1162 καὶ
1601 1118 1680 1177 τήν
1697 1136 1750 1176 η-

249 1188 386 1242 μέραν
428 1183 584 1244 ταύτην
629 1183 877 1242 ἑορτάζουσι
902 1186 1116 1241 Ῥωμαῖοι,
1158 1186 1386 1242 γενέθλιον
1427 1188 1505 1245 τῆς
1545 1187 1752 1243 πατρίδος

251 1253 539 1309 ὀνομάζοντες
558 1288 699 1299 .....
723 1254 777 1298 ου’
801 1254 890 1312 μήν
910 1253 1022 1298 α’λλὰ
1050 1254 1123 1297 καὶ
1141 1254 1229 1311 πρὸ
1256 1256 1332 1313 τῆς
1349 1255 1527 1305 κτίσεως
1544 1253 1751 1313 βοτηρική

248 1339 310 1373 τις
351 1313 408 1382 ἦν
439 1323 595 1373 αὐτοῖς
640 1323 764 1380 ἑορτή
808 1322 914 1366 κατὰ
955 1320 1110 1381 ταύτην
1138 1323 1219 1381 τήν
1253 1323 1420 1381 ἡμέραν
1454 1323 1527 1367 καὶ
1561 1323 1753 1381 Παρίλια

246 1391 568 1451 προςηγόρευον
598 1391 745 1451 αὐτήν.

384 1461 449 1506 De
478 1462 578 1506 loco
602 1475 779 1519 quoque,
809 1463 854 1505 in
883 1473 965 1518 quo
995 1461 1144 1506 Sabini
1174 1465 1316 1505 castra
1345 1466 1588 1519 posuerant,
1619 1467 1750 1520 poeta

249 1530 457 1592 nonnulla
481 1531 654 1588 profert,
686 1545 794 1587 quae
825 1533 966 1588 posita
996 1535 1094 1574 sunt
1122 1532 1168 1574 in
1197 1535 1313 1575 certo
1343 1530 1483 1574 studio
1515 1536 1750 1575 auctorum.

248 1599 425 1643 Collatis
446 1601 561 1643 enim
581 1601 655 1654 eis,
676 1614 785 1656 quae
805 1599 1058 1644 Plutarchus
1079 1599 1168 1654 (vit.
1186 1599 1353 1643 Romul.
1370 1612 1406 1642 c.
1423 1598 1586 1655 XVIII)
1606 1600 1751 1656 habet,

248 1681 344 1711 cum
373 1667 583 1725 Propertii
613 1667 911 1725 descriptione,
951 1673 1133 1725 apparet
1168 1673 1342 1726 poetam
1377 1667 1560 1712 eundem
1594 1668 1751 1712 librum

248 1735 417 1791 adiisse,
449 1749 502 1779 ex
522 1748 603 1792 quo
626 1738 756 1780 etiam
786 1737 859 1780 ille
890 1738 1071 1819 scriptor
1099 1736 1291 1780 hausisse
1320 1735 1501 1780 videtur.
1562 1735 1751 1781 Graecus

247 1804 360 1848 enim
376 1805 556 1862 scriptor
569 1804 676 1849 haec
692 1804 880 1849 exhibet:
899 1803 926 1848 ὅ
939 1803 1017 1861 γὰρ
1030 1803 1192 1859 μεταξυ
1205 1802 1353 1859 τόπος,
1372 1802 1419 1848 ἐν
1434 1795 1468 1861 ᾧ
1486 1803 1752 1859 συμπίπτειν

249 1870 449 1928 ἔμελλον,
469 1870 570 1916 ὕπο
592 1872 798 1916 πολλῶν
817 1870 994 1928 λόφων
1014 1871 1392 1929 περιεχόμενος
1409 1896 1462 1902 -
1480 1873 1532 1916 cf.
1541 1872 1752 1930 Propertii

246 1941 379 1986 verba
406 1955 444 1986 v.
485 1940 538 1985 13
584 1956 786 1996 „murus
831 1947 978 1986 erant
1019 1942 1242 1986 montes«
1273 1966 1328 1972 —
1359 1940 1500 1996 α’γῶνα
1526 1939 1752 1996 μὲνόξῠν

249 2008 394 2054 ἐδόκει
440 2009 513 2052 καὶ
556 2009 752 2064 χαλεπὸν
798 2009 888 2053 ὕπὸ
936 2011 1169 2065 δυςχωρίας
1212 2008 1475 2065 ἀμφοτέροις
1521 2010 1752 2065 παρέξειν,

248 2077 383 2134 φυγὰς
404 2075 452 2121 δὲ
472 2077 544 2120 καὶ
565 2075 736 2133 διώξεις
758 2076 804 2121 ἐν
819 2079 954 2135 στενῷ
973 2078 1189 2133 βραχείας.
1213 2075 1366 2131 Ἔτυχε
1388 2075 1437 2121 δὲ
1457 2077 1533 2121 τοῦ
1552 2077 1753 2132 ποταμοῦ

244 2145 530 2202 λιμνασαντος
567 2147 623 2192 ου’
658 2147 841 2196 πολλαῖς
878 2145 1092 2203 πρότερον
1133 2146 1319 2204 ημεραις
1361 2145 1752 2202 ἐγκαταλελεῖφθαι

248 2214 380 2270 τελμα
408 2214 527 2271 βαθυ
563 2215 636 2258 καὶ
672 2210 836 2271 τυφλὸν
875 2214 921 2258 ἐν
956 2213 1110 2264 τόποις
1148 2213 1380 2264 επιπέδοις
1414 2229 1520 2257 κατα
1557 2229 1636 2272 την
1670 2214 1751 2256 νῦν

249 2271 384 2326 ουσαν
414 2283 602 2340 α’γοράν.
618 2309 670 2315 --
703 2286 754 2328 cf.
788 2285 1000 2344 Propert.:

294 2428 393 2468 Fast.
411 2430 470 2466 IV.
486 2431 571 2467 801:
597 2442 682 2467 num
705 2433 825 2466 tamen
848 2432 1012 2466 est'vero
1036 2430 1199 2476 propius,
1224 2440 1306 2473 cum
1328 2429 1475 2465 condita
1498 2428 1611 2465 Roma
1634 2434 1701 2472 est,

591 2487 777 2524 transferri
801 2482 920 2523 iussos
943 2487 982 2522 in
1006 2497 1102 2523 nova
1124 2488 1224 2522 tecta
1246 2486 1356 2524 Lares

592 2547 844 2591 mutantesque
868 2545 1013 2581 domum
1035 2544 1142 2580 tectis
1168 2543 1369 2590 agrestibus
1391 2543 1510 2619 ignem

592 2603 629 2637 et
652 2601 858 2638 cessaturae
882 2601 1122 2648 supposuisse
1145 2610 1270 2644 casae3

592 2669 656 2705 per
679 2658 839 2696 flammas
864 2659 1017 2696 saluisse
1039 2669 1162 2705 pecus,
1187 2657 1341 2694 saluisse
1365 2656 1541 2694 colonos?

591 2716 688 2762 quod
711 2716 753 2752 fit
775 2716 889 2752 natali
913 2726 1008 2752 nunc
1033 2725 1186 2762 quoque,
1210 2714 1336 2759 Roma,
1359 2717 1436 2751 tuo.

1346 2830 1390 2889 s

1523 2782 1547 2818 3
