1945 3041
829 206 1122 253 „24-

358 332 442 376 Sed
473 333 554 376 hae
586 306 791 377 orationis
820 333 1121 378 similitudines
1152 335 1271 391 parvi
1294 312 1359 379 iad
1392 341 1582 380 nostram
1602 351 1732 392 quae·-

218 401 400 444 stionem
439 402 642 444 momenti
681 408 797 454 sunt3
845 402 940 458 plus
981 399 1125 464 nostra
1161 403 1338 447 interest
1374 403 1592 459 didicisse,
1629 404 1754 455 Pro-2
1811 441 1819 451 .

217 469 416 525 pestium,
455 483 565 526 quae
596 469 650 514 de
680 471 843 524 origine
880 469 1101 515 Vertumni
1145 473 1396 526 narraverit,
1440 465 1491 516 ex
1537 471 1747 521 varrone.

218 537 424 582 hausisse.

864 800 998 878 Cap.
1030 799 1091 861 11.

735 930 803 974 ne
835 929 1035 984 Tarpeia
1065 928 1124 983 (e.
1149 929 1213 983 4.)

354 1052 473 1104 Quod
519 1053 765 1111 Propertius
810 1056 853 1098 in
905 1060 1098 1098 extrema
1152 1060 1276 1110 parte
1332 1055 1533 1098 carminis
1590 1055 1729 1110 quarti

217 1126 419 1165 enarrata
450 1121 698 1180 complexus
728 1121 782 1166 (le
813 1122 983 1166 nomine
1013 1122 1168 1167 montis
1199 1120 1367 1180 Tarpeii
1398 1122 1558 1180 posuit:

419 1228 442 1256 a
475 1213 584 1257 duce
615 1213 799 1271 Tarpeia
829 1226 950 1256 mons
981 1219 1045 1257 est
1076 1225 1309 1268 cognomen
1341 1213 1536 1270 adeptus,

220 1303 300 1347 hoc
333 1305 516 1348 breviter
545 1304 677 1349 tradit
708 1304 844 1348 Varro
876 1304 928 1347 dc
960 1305 987 1348 l.
1012 1305 1040 1347 l.
1062 1303 1113 1348 V.
1136 1303 1208 1347 41:
1243 1305 1342 1357 „llic
1366 1315 1486 1347 mons
1507 1304 1585 1356 (sc.
1602 1305 1731 1360 Capi·

217 1373 396 1426 tolinus)
428 1379 528 1416 ante
559 1372 764 1430 Tarpeius
796 1372 933 1416 dictus
966 1388 991 1416 a
1011 1373 1174 1427 virgine
1198 1372 1373 1417 Vestale
1396 1371 1592 1430 Tarpeia,
1622 1386 1731 1429 quae

219 1441 278 1484 ibi
313 1441 368 1484 ab
389 1441 563 1484 Sabinis
594 1448 750 1485 necata
781 1442 911 1484 armis
932 1447 974 1483 et
996 1441 1179 1497 sepulta,
1211 1442 1359 1496 quoius
1380 1442 1563 1484 nominis
1598 1442 1730 1483 mo'ni-

217 1514 408 1552 mentum
448 1508 667 1563 relictum,
712 1508 825 1565 quod
871 1509 1001 1552 etiam
1048 1522 1159 1552 nunc
1203 1510 1293 1552 eius
1336 1523 1463 1566 rupes
1504 1508 1731 1566 Tarpeium

218 1577 468 1633 appellatur
503 1579 690 1621 saxum“.
758 1578 822 1620 De
859 1579 1000 1621 causis
1037 1582 1201 1631 autem,
1247 1592 1322 1621 cur
1358 1577 1542 1634 Tarpeia
1576 1583 1732 1620 necata

217 1647 292 1701 sit,
326 1645 579 1700 Varronem,
612 1659 709 1689 cum
740 1646 808 1689 hic
839 1645 1008 1702 quidem
1041 1646 1145 1689 nihil
1178 1645 1313 1699 (licat,
1349 1646 1435 1689 alio
1470 1646 1564 1689 loco
1594 1647 1731 1700 egisse

218 1715 516 1758 coniciendum
554 1713 641 1758 est?
699 1714 809 1758 Nam
847 1715 900 1757 de
937 1714 1145 1771 Tarpeiae
1177 1728 1278 1757 casu
1317 1728 1368 1757 ac
1405 1715 1576 1758 fortuna
1610 1719 1730 1757 vetus

217 1783 365 1827 sabula
395 1783 788 1827 circumferebatur:
835 1783 1072 1840 Tarpeiam,
1119 1782 1353 1839 cupiditate
1378 1784 1468 1826 auri
1491 1784 1726 1836 incensam,

217 1852 387 1894 Sabinis
417 1851 708 1908 Capitolinum
739 1857 924 1894 montem
956 1851 1076 1894 Tatio
1107 1850 1214 1894 duce
1244 1851 1552 1907 occupantibus
1583 1863 1723 1894 arcem

357 1975 453 2012 Fast.
472 1975 512 2010 V.
532 1976 615 2012 191:
642 1975 722 2021 ipsa
746 1975 846 2018 doce,
871 1985 964 2021 qnae
988 1975 1056 2011 sis:
1081 1975 1264 2010 hominum
1289 1975 1470 2010 sententia
1494 1974 1624 2010 sa-ilax:

644 2032 784 2078 optima
807 2034 846 2067 tu
873 2031 1010 2078 proprii
1037 2031 1191 2067 nominis
1217 2033 1346 2067 auctor
1370 2031 1450 2067 eris.

484 2101 540 2139 I'r.
557 2103 619 2138 31:
645 2101 748 2146 cinge
773 2103 885 2146 caput
907 2101 1024 2143 mitra,
1050 2100 1205 2145 speciem
1231 2100 1379 2136 furabor
1403 2099 1546 2135 Jacchiss

644 2157 792 2193 furabor
815 2156 960 2201 Phoebi,
986 2157 1016 2193 si
1041 2157 1148 2193 modo
1173 2156 1312 2202 plectra
1337 2156 1454 2194 dabis.

227 2216 290 2251 Ov.
309 2216 376 2262 Ep.
394 2215 532 2261 Sapph.
550 2216 613 2252 23:
639 2224 738 2249 sume
762 2214 866 2249 fidem
891 2216 927 2249 et
952 2214 1174 2259 pharetram:
1199 2213 1263 2249 fies
1288 2212 1498 2249 manifestus
1528 2212 1675 2258 Apoliog

642 2271 818 2308 accedant
843 2270 954 2318 capiti
981 2281 1133 2307 cornua:
1159 2269 1324 2307 Bacchus
1349 2269 1431 2307 eris.

484 2341 540 2377 I‘r.
557 2343 622 2378 50:
648 2340 743 2375 unde
767 2340 875 2375 hodie
901 2340 1000 2375 vicus
1024 2339 1171 2375 nomina
1195 2339 1335 2375 Tuscus
1359 2338 1469 2374 habet

337 2398 437 2435 Fast.
456 2398 516 2434 ΠΙ.
533 2398 620 2436 246:
645 2397 707 2444 qni
733 2403 828 2433 nunc
852 2397 1033 2444 Esquilias·
1061 2396 1204 2433 nomina
1227 2395 1331 2432 collis
1357 2394 1477 2434 habet.

482 2467 539 2505 Pr.
558 2467 619 2504 5‘2:
648 2467 767 2514 Atque
792 2466 926 2503 Sabina
949 2466 1012 2502 teri
1039 2465 1205 2502 contudit
1230 2462 1328 2501 ar'ma
1353 2464 1434 2500 Tati

341 2524 438 2562 Fast.
458 2524 516 2561 IV.
533 2525 619 2562 379:
645 2523 784 2570 perfida
807 2522 1024 2569 magnanimi
1051 2522 1218 2558 contudit
1242 2533 1342 2558 arma
1366 2521 1490 2558 jubae.

457 2581 513 2618 vl.
530 2583 619 2620 361:
643 2581 786 2628 iamque
811 2581 1038 2617 suburbanos
1063 2579 1287 2627 Etruscaque
1312 2578 1477 2615 contudit
1503 2589 1611 2614 arma.

486 2650 542 2688 Pr.
560 2651 625 2688 54:
652 2650 772 2696 Atque
789 2649 914 2685 hostes
940 2649 1035 2694 turpi
1062 2651 1164 2694 terga
1189 2647 1331 2684 dedisse
1356 2647 1463 2693 fugae

339 2707 438 2744 Fast.
456 2707 514 2743 vl.
532 2707 620 2745 522:
647 2707 770 2754 turpia
794 2706 968 2743 femineae
992 2708 1096 2753 terga
1120 2704 1250 2742 (ledere
1275 2705 1393 2751 fugae.

1755 2241 1780 2251 ,-
