1945 3041
768 783 1031 861 Pars
1078 782 1196 860 ΙΙ.

374 1050 585 1101 Quoniam
628 1051 672 1092 in
718 1061 768 1091 eo
813 1054 890 1103 est,
936 1054 994 1103 ut,
1042 1060 1146 1104 quos
1178 1054 1372 1093 auctores
1413 1050 1656 1106 Propertius
1701 1052 1744 1094 in

237 1119 416 1172 singulis
446 1118 604 1163 fabulis
649 1117 902 1160 enarrandis
937 1117 1133 1161 videatur
1169 1123 1338 1161 secutus
1374 1132 1480 1173 esse,
1517 1131 1744 1175 exponam,

238 1201 397 1241 magna
441 1188 603 1241 cautio,
648 1200 700 1229 ne
745 1187 901 1229 nimius
945 1187 1026 1229 sim
1068 1187 1112 1229 in
1157 1186 1442 1241 disquirendis
1487 1189 1743 1243 auctoribuS,

238 1256 341 1299 mihi
363 1255 610 1299 adhibenda
630 1259 706 1298 est.
768 1252 878 1298 Nam
899 1255 1125 1299 nonnullas
1147 1268 1214 1298 rcs
1235 1256 1278 1297 in
1300 1256 1560 1301 carminibus
1590 1258 1742 1312 inesse,

239 1337 347 1381 quas
367 1338 515 1369 omnes
536 1323 723 1368 eruditos
743 1323 935 1367 homines
957 1325 1065 1368 scire
1086 1323 1270 1378 deceret,
1301 1331 1348 1368 ut
1376 1338 1462 1368 non
1492 1339 1599 1383 opus
1630 1332 1744 1370 esset

237 1399 455 1438 auctorem
485 1393 618 1447 adire,
649 1406 726 1450 per
754 1406 800 1435 se
831 1396 969 1449 patet3
1007 1392 1116 1437 alias
1147 1398 1291 1437 autem
1320 1399 1492 1451 poetam
1520 1395 1742 1455 ingenium

237 1477 359 1506 suum
389 1468 581 1506 secutum
617 1461 873 1504 confinxisse
909 1461 976 1503 vel
1013 1462 1179 1517 poetice
1222 1474 1465 1517 exornasse,
1512 1463 1743 1507 verisimile

237 1538 314 1575 est.
389 1532 594 1574 Attamen
624 1530 729 1573 satis
758 1529 896 1572 multa
925 1530 969 1572 in
1000 1529 1261 1573 carminibus
1290 1531 1448 1584 insunt,
1494 1543 1604 1586 quae
1645 1546 1743 1576 eum

237 1615 291 1643 ex
322 1600 419 1643 aliis
449 1598 729 1655 scriptoribus
757 1598 949 1641 hausisse
981 1598 1218 1654 putandum
1249 1603 1324 1642 est.
1385 1599 1478 1650 Qua
1513 1599 1575 1643 de
1612 1613 1745 1644 causa

236 1680 393 1723 operae
430 1668 616 1725 pretium
650 1666 818 1710 videtur
853 1679 958 1720 esse,
1004 1666 1106 1720 quid
1142 1668 1234 1722 ipse
1272 1669 1495 1723 invenerit,
1541 1668 1645 1724 quid
1690 1667 1745 1712 de

239 1738 336 1781 aliis
367 1737 624 1792 repetiverit,
655 1736 881 1790 inquirere.

377 1816 473 1862 Non
503 1818 657 1860 mirum
686 1821 763 1871 est,
795 1816 1060 1871 Propertium
1091 1818 1278 1859 maxime
1308 1816 1365 1860 ad
1385 1816 1620 1862 Varronem
1651 1831 1743 1862 sese
1810 1838 1814 1841 ¹

241 1887 503 1943 applicasse3
540 1886 654 1929 hunc
684 1887 798 1929 enim
829 1899 926 1928 cum
957 1885 1178 1929 Aetiorum
1213 1885 1370 1929 librum
1408 1886 1744 1942 conscripsisset,

241 1969 324 2010 quo
373 1961 565 1999 veterum
609 1955 897 1998 institutorum
943 1955 1151 2008 originem
1195 1965 1432 2008 causasque
1477 1959 1745 2011 exposuerat,

241 2024 354 2080 apud
385 2028 551 2069 veteres
580 2023 772 2067 maxima
802 2023 1058 2066 auctoritate
1088 2036 1211 2066 usum
1241 2037 1346 2078 esse,
1385 2028 1568 2067 testatur
1596 2024 1744 2069 Cicero

239 2092 375 2136 Acad.
398 2092 513 2136 Post.
535 2091 566 2135 Ι.
589 2091 630 2146 3,
651 2089 697 2135 9:
731 2103 830 2145 „nos
853 2092 898 2134 in
919 2095 1065 2134 nostra
1085 2091 1189 2135 urbe
1210 2093 1521 2147 peregrinantis
1540 2093 1746 2137 errantis-

242 2174 323 2217 que
359 2167 582 2217 tamquam
618 2161 807 2217 hospites
841 2161 904 2204 tui
947 2160 1047 2204 libri
1091 2161 1215 2215 quasi
1258 2160 1428 2205 domum
1473 2161 1747 2217 reduxerunt,

240 2237 287 2274 ut
315 2243 536 2286 possemus
566 2229 814 2284 aliquand0,
862 2231 949 2284 qui
972 2234 1016 2273 et
1049 2229 1123 2272 ubi
1160 2243 1361 2284 essemus,
1406 2242 1656 2284 agnoscere:
1700 2235 1748 2273 tu

241 2305 430 2344 aetatem
473 2300 657 2355 patriae,
702 2303 748 2342 tu
789 2297 1096 2353 descriptiones
1141 2303 1393 2354 temporum,
1436 2303 1483 2342 tu
1528 2310 1747 2343 sacrorum

240 2371 348 2420 iura,
369 2374 424 2412 ‘tu
445 2367 729 2422 sacerdotum,
760 2373 806 2410 tu
827 2366 1120 2422 domesticam,
1153 2372 1195 2410 tu
1228 2362 1431 2410 bellicam
1461 2366 1747 2422 disciplinam,
1816 2407 1821 2411 ,
1853 2371 1874 2413 :1'
1883 2372 1932 2424 2311ss

241 2443 286 2481 tu
302 2436 448 2481 sedem
463 2437 685 2491 regionum
699 2436 903 2490 locorum,
919 2440 965 2478 tu
982 2436 1169 2478 omnium
1187 2433 1428 2480 divinarum
1443 2435 1749 2495 humanarum-

243 2517 324 2560 que
344 2519 486 2548 rerum
501 2505 689 2558 nomina,
710 2518 882 2558 genera,
905 2503 1062 2558 officia,
1085 2517 1238 2547 causas
1260 2504 1479 2559 aperuisti,
1502 2503 1749 2559 plurimum·
1795 2522 1798 2525 ·
1848 2505 1931 2553 ⁹¹2⁹

243 2587 324 2629 que
346 2573 459 2616 idem
486 2575 623 2628 poetis
655 2575 808 2617 nostris
840 2575 1099 2627 omninoque
1120 2573 1286 2616 Latinis
1318 2578 1361 2615 et
1391 2572 1546 2616 litteris
1577 2572 1750 2616 luminis

243 2649 286 2686 et
327 2642 467 2685 verbis
514 2642 730 2685 attulisti“.
810 2641 962 2685 Merito
1008 2642 1137 2695 igitur
1185 2640 1385 2684 Varronis
1430 2641 1590 2696 scripta
1633 2639 1778 2696 apud*

244 2725 403 2763 omnes,
449 2712 520 2764 qui
566 2711 812 2764 antiquitati
849 2701 1071 2752 Romanae
1101 2709 1344 2763 studebant,
1388 2710 1621 2752 maximam
1663 2709 1752 2753 vim
1796 2704 1799 2706 ’
1839 2709 1862 2764 ζ
