<?xml version="1.0" encoding="UTF-8"?>
<!DOCTYPE html PUBLIC "-//W3C//DTD XHTML 1.0 Transitional//EN"
    "http://www.w3.org/TR/xhtml1/DTD/xhtml1-transitional.dtd">
<html xmlns="http://www.w3.org/1999/xhtml" xml:lang="en" lang="en">
 <head>
  <title>
</title>
<meta http-equiv="Content-Type" content="text/html;charset=utf-8" />
  <meta name='ocr-system' content='tesseract 3.04.00' />
  <meta name='ocr-capabilities' content='ocr_page ocr_carea ocr_par ocr_line ocrx_word'/>
</head>
<body>
  <div class='ocr_page' id='page_1' title='image "4737853_0050.png"; bbox 0 0 1945 3041; ppageno 0'>
   <div class='ocr_carea' id='block_1_1' title="bbox 874 218 1274 287">
    <p class='ocr_par' dir='ltr' id='par_1_1' title="bbox 874 218 1274 287">
     <span class='ocr_line' id='line_1_1' title="bbox 874 218 1274 287; baseline 0 -34"><span class='ocrx_word' id='word_1_1' title='bbox 874 218 1274 287; x_wconf 21' lang='lat'><strong>-40-*&gt;</strong></span> 
     </span>
    </p>
   </div>
   <div class='ocr_carea' id='block_1_2' title="bbox 1588 0 1945 960">
    <p class='ocr_par' dir='ltr' id='par_1_2' title="bbox 1588 0 1945 960">
     <span class='ocr_line' id='line_1_2' title="bbox 1588 0 1945 960; baseline 0 0"><span class='ocrx_word' id='word_1_2' title='bbox 1588 0 1945 960; x_wconf 95' lang='lat' dir='ltr'><strong>    </strong></span> 
     </span>
    </p>
   </div>
   <div class='ocr_carea' id='block_1_3' title="bbox 186 307 1945 1985">
    <p class='ocr_par' dir='ltr' id='par_1_3' title="bbox 186 307 1945 1985">
     <span class='ocr_line' id='line_1_3' title="bbox 263 307 1783 413; baseline -0.001 -22"><span class='ocrx_word' id='word_1_3' title='bbox 263 346 408 392; x_wconf 89' lang='lat' dir='ltr'><strong>aliena</strong></span> <span class='ocrx_word' id='word_1_4' title='bbox 437 351 503 392; x_wconf 87' lang='lat' dir='ltr'><strong>est</strong></span> <span class='ocrx_word' id='word_1_5' title='bbox 532 346 588 391; x_wconf 89' lang='lat' dir='ltr'><strong>ab</strong></span> <span class='ocrx_word' id='word_1_6' title='bbox 619 346 717 391; x_wconf 90' lang='lat' dir='ltr'><strong>aliis</strong></span> <span class='ocrx_word' id='word_1_7' title='bbox 746 346 1034 404; x_wconf 83' lang='lat' dir='ltr'><strong>scriptoribus.</strong></span> <span class='ocrx_word' id='word_1_8' title='bbox 1051 345 1081 401; x_wconf 88' lang='lat'><strong>¹)</strong></span> <span class='ocrx_word' id='word_1_9' title='bbox 1130 345 1238 389; x_wconf 89' lang='lat' dir='ltr'><strong>Cum</strong></span> <span class='ocrx_word' id='word_1_10' title='bbox 1267 351 1411 391; x_wconf 84' lang='lat' dir='ltr'><strong>autem</strong></span> <span class='ocrx_word' id='word_1_11' title='bbox 1441 345 1571 401; x_wconf 66' lang='lat' dir='ltr'><strong>nulla</strong></span> <span class='ocrx_word' id='word_1_12' title='bbox 1587 307 1783 413; x_wconf 60' lang='grc'><strong>15115155</strong></span> 
     </span>
     <span class='ocr_line' id='line_1_4' title="bbox 262 408 1780 472; baseline 0.003 -14"><span class='ocrx_word' id='word_1_13' title='bbox 262 415 401 459; x_wconf 87' lang='lat' dir='ltr'><strong>forma</strong></span> <span class='ocrx_word' id='word_1_14' title='bbox 435 420 595 470; x_wconf 89' lang='lat' dir='ltr'><strong>exstet,</strong></span> <span class='ocrx_word' id='word_1_15' title='bbox 626 428 711 472; x_wconf 91' lang='lat' dir='ltr'><strong>qua</strong></span> <span class='ocrx_word' id='word_1_16' title='bbox 738 414 932 459; x_wconf 87' lang='lat' dir='ltr'><strong>Euandri</strong></span> <span class='ocrx_word' id='word_1_17' title='bbox 967 419 1010 459; x_wconf 88' lang='lat' dir='ltr'><strong>et</strong></span> <span class='ocrx_word' id='word_1_18' title='bbox 1046 414 1160 459; x_wconf 90' lang='lat' dir='ltr'><strong>Arae</strong></span> <span class='ocrx_word' id='word_1_19' title='bbox 1197 408 1455 460; x_wconf 80' lang='lat' dir='ltr'><strong>constitutae</strong></span> <span class='ocrx_word' id='word_1_20' title='bbox 1489 415 1651 461; x_wconf 76' lang='lat' dir='ltr'><strong>mentio</strong></span> <span class='ocrx_word' id='word_1_21' title='bbox 1684 423 1780 463; x_wconf 61' lang='lat' dir='ltr'><strong>nen?</strong></span> 
     </span>
     <span class='ocr_line' id='line_1_5' title="bbox 263 473 1846 543; baseline 0.001 -16"><span class='ocrx_word' id='word_1_22' title='bbox 263 483 353 540; x_wconf 89' lang='lat' dir='ltr'><strong>fiat,</strong></span> <span class='ocrx_word' id='word_1_23' title='bbox 384 484 594 543; x_wconf 84' lang='lat' dir='ltr'><strong>Propertii</strong></span> <span class='ocrx_word' id='word_1_24' title='bbox 623 485 734 528; x_wconf 88' lang='lat' dir='ltr'><strong>ratio</strong></span> <span class='ocrx_word' id='word_1_25' title='bbox 764 485 906 542; x_wconf 90' lang='lat' dir='ltr'><strong>potius</strong></span> <span class='ocrx_word' id='word_1_26' title='bbox 933 485 978 528; x_wconf 90' lang='lat' dir='ltr'><strong>in</strong></span> <span class='ocrx_word' id='word_1_27' title='bbox 999 484 1307 542; x_wconf 79' lang='lat' dir='ltr'><strong>compositione</strong></span> <span class='ocrx_word' id='word_1_28' title='bbox 1337 485 1540 530; x_wconf 89' lang='lat' dir='ltr'><strong>carminis</strong></span> <span class='ocrx_word' id='word_1_29' title='bbox 1568 488 1696 542; x_wconf 87' lang='lat' dir='ltr'><strong>quam</strong></span> <span class='ocrx_word' id='word_1_30' title='bbox 1720 473 1770 528; x_wconf 79' lang='lat' dir='ltr'><strong>in</strong></span> <span class='ocrx_word' id='word_1_31' title='bbox 1807 540 1809 542; x_wconf 11' lang='lat' dir='ltr'>q</span> <span class='ocrx_word' id='word_1_32' title='bbox 1844 531 1846 534; x_wconf 71' lang='grc'><strong>,</strong></span> 
     </span>
     <span class='ocr_line' id='line_1_6' title="bbox 263 552 1923 613; baseline -0.002 -16"><span class='ocrx_word' id='word_1_33' title='bbox 263 554 519 598; x_wconf 90' lang='lat' dir='ltr'><strong>auctoritate</strong></span> <span class='ocrx_word' id='word_1_34' title='bbox 551 554 732 597; x_wconf 91' lang='lat' dir='ltr'><strong>alicuius</strong></span> <span class='ocrx_word' id='word_1_35' title='bbox 762 554 981 611; x_wconf 89' lang='lat' dir='ltr'><strong>scriptoris</strong></span> <span class='ocrx_word' id='word_1_36' title='bbox 1001 554 1144 610; x_wconf 87' lang='lat' dir='ltr'><strong>posita</strong></span> <span class='ocrx_word' id='word_1_37' title='bbox 1165 554 1256 597; x_wconf 85' lang='lat' dir='ltr'><strong>esse</strong></span> <span class='ocrx_word' id='word_1_38' title='bbox 1276 552 1454 597; x_wconf 91' lang='lat' dir='ltr'><strong>videtur.</strong></span> <span class='ocrx_word' id='word_1_39' title='bbox 1500 553 1770 613; x_wconf 72' lang='lat' dir='ltr'><strong>Puto-igitur,</strong></span> <span class='ocrx_word' id='word_1_40' title='bbox 1875 610 1878 613; x_wconf 16' lang='grc' dir='ltr'><strong>Δ</strong></span> <span class='ocrx_word' id='word_1_41' title='bbox 1908 599 1923 607; x_wconf 33' lang='lat'>⁸</span> 
     </span>
     <span class='ocr_line' id='line_1_7' title="bbox 262 616 1929 679; baseline 0.001 -14"><span class='ocrx_word' id='word_1_42' title='bbox 262 627 435 679; x_wconf 86' lang='lat' dir='ltr'><strong>poetam</strong></span> <span class='ocrx_word' id='word_1_43' title='bbox 466 636 562 665; x_wconf 90' lang='lat' dir='ltr'><strong>cum</strong></span> <span class='ocrx_word' id='word_1_44' title='bbox 594 622 717 666; x_wconf 87' lang='lat' dir='ltr'><strong>alteri</strong></span> <span class='ocrx_word' id='word_1_45' title='bbox 750 623 952 666; x_wconf 80' lang='lat' dir='ltr'><strong>carminis</strong></span> <span class='ocrx_word' id='word_1_46' title='bbox 989 623 1103 679; x_wconf 89' lang='lat' dir='ltr'><strong>parti</strong></span> <span class='ocrx_word' id='word_1_47' title='bbox 1139 623 1278 665; x_wconf 90' lang='lat' dir='ltr'><strong>maius</strong></span> <span class='ocrx_word' id='word_1_48' title='bbox 1307 620 1475 679; x_wconf 89' lang='lat' dir='ltr'><strong>pondus</strong></span> <span class='ocrx_word' id='word_1_49' title='bbox 1505 622 1770 676; x_wconf 75' lang='lat' dir='ltr'><strong>attribueret,</strong></span> <span class='ocrx_word' id='word_1_50' title='bbox 1808 616 1826 622; x_wconf 65' lang='grc'>”</span> <span class='ocrx_word' id='word_1_51' title='bbox 1880 618 1929 677; x_wconf 64' lang='grc' dir='ltr'><strong>ζ·</strong></span> 
     </span>
     <span class='ocr_line' id='line_1_8' title="bbox 263 684 1919 747; baseline 0 -14"><span class='ocrx_word' id='word_1_52' title='bbox 263 691 448 746; x_wconf 80' lang='lat' dir='ltr'><strong>priorem</strong></span> <span class='ocrx_word' id='word_1_53' title='bbox 478 695 646 747; x_wconf 90' lang='lat' dir='ltr'><strong>partem</strong></span> <span class='ocrx_word' id='word_1_54' title='bbox 684 694 853 734; x_wconf 90' lang='lat' dir='ltr'><strong>tantum</strong></span> <span class='ocrx_word' id='word_1_55' title='bbox 889 692 1011 746; x_wconf 85' lang='lat' dir='ltr'><strong>quasi</strong></span> <span class='ocrx_word' id='word_1_56' title='bbox 1047 689 1213 734; x_wconf 81' lang='lat' dir='ltr'><strong>exordii</strong></span> <span class='ocrx_word' id='word_1_57' title='bbox 1247 689 1341 733; x_wconf 86' lang='lat' dir='ltr'><strong>loco</strong></span> <span class='ocrx_word' id='word_1_58' title='bbox 1378 691 1649 746; x_wconf 84' lang='lat' dir='ltr'><strong>tractavisse,</strong></span> <span class='ocrx_word' id='word_1_59' title='bbox 1685 701 1770 744; x_wconf 84' lang='lat' dir='ltr'><strong>non</strong></span> <span class='ocrx_word' id='word_1_60' title='bbox 1908 684 1919 694; x_wconf 75' lang='lat'><em>&#39;</em></span> 
     </span>
     <span class='ocr_line' id='line_1_9' title="bbox 263 758 1769 815; baseline 0.001 -14"><span class='ocrx_word' id='word_1_61' title='bbox 263 758 575 814; x_wconf 83' lang='lat' dir='ltr'><strong>neglegentem,</strong></span> <span class='ocrx_word' id='word_1_62' title='bbox 606 772 715 815; x_wconf 86' lang='lat' dir='ltr'><strong>quae</strong></span> <span class='ocrx_word' id='word_1_63' title='bbox 746 772 800 802; x_wconf 81' lang='lat' dir='ltr'><strong>ex</strong></span> <span class='ocrx_word' id='word_1_64' title='bbox 825 758 1015 814; x_wconf 84' lang='lat' dir='ltr'><strong>Vergilio</strong></span> <span class='ocrx_word' id='word_1_65' title='bbox 1046 763 1089 802; x_wconf 89' lang='lat' dir='ltr'><strong>et</strong></span> <span class='ocrx_word' id='word_1_66' title='bbox 1122 758 1242 802; x_wconf 89' lang='lat' dir='ltr'><strong>Livio</strong></span> <span class='ocrx_word' id='word_1_67' title='bbox 1277 759 1323 801; x_wconf 89' lang='lat' dir='ltr'><strong>in</strong></span> <span class='ocrx_word' id='word_1_68' title='bbox 1353 759 1496 802; x_wconf 88' lang='lat' dir='ltr'><strong>animo</strong></span> <span class='ocrx_word' id='word_1_69' title='bbox 1531 758 1769 807; x_wconf 71' lang='lat' dir='ltr'><strong>haererent.</strong></span> 
     </span>
     <span class='ocr_line' id='line_1_10' title="bbox 397 826 1936 893; baseline 0.002 -24"><span class='ocrx_word' id='word_1_70' title='bbox 397 826 537 883; x_wconf 88' lang='lat' dir='ltr'><strong>Atque</strong></span> <span class='ocrx_word' id='word_1_71' title='bbox 568 827 707 871; x_wconf 88' lang='lat' dir='ltr'><strong>altera</strong></span> <span class='ocrx_word' id='word_1_72' title='bbox 741 827 943 871; x_wconf 85' lang='lat' dir='ltr'><strong>carminis</strong></span> <span class='ocrx_word' id='word_1_73' title='bbox 974 832 1097 885; x_wconf 88' lang='lat' dir='ltr'><strong>parte</strong></span> <span class='ocrx_word' id='word_1_74' title='bbox 1117 826 1382 885; x_wconf 72' lang='lat' dir='ltr'><strong>Propertius*</strong></span> <span class='ocrx_word' id='word_1_75' title='bbox 1392 826 1523 872; x_wconf 81' lang='lat' dir='ltr'><strong>refert</strong></span> <span class='ocrx_word' id='word_1_76' title='bbox 1541 826 1773 886; x_wconf 46' lang='lat' dir='ltr'><strong>Herculem*</strong></span> <span class='ocrx_word' id='word_1_77' title='bbox 1860 876 1887 879; x_wconf 13' lang='lat'><strong>,⁷</strong></span> <span class='ocrx_word' id='word_1_78' title='bbox 1923 881 1936 893; x_wconf 29' lang='grc' dir='ltr'>ᾖ</span> 
     </span>
     <span class='ocr_line' id='line_1_11' title="bbox 259 887 1945 954; baseline 0 -14"><span class='ocrx_word' id='word_1_79' title='bbox 259 895 478 940; x_wconf 84' lang='lat' dir='ltr'><strong>laboribus</strong></span> <span class='ocrx_word' id='word_1_80' title='bbox 523 897 712 954; x_wconf 87' lang='lat' dir='ltr'><strong>corporis</strong></span> <span class='ocrx_word' id='word_1_81' title='bbox 755 896 995 941; x_wconf 88' lang='lat' dir='ltr'><strong>confectum</strong></span> <span class='ocrx_word' id='word_1_82' title='bbox 1037 903 1081 941; x_wconf 91' lang='lat' dir='ltr'><strong>et</strong></span> <span class='ocrx_word' id='word_1_83' title='bbox 1125 899 1282 941; x_wconf 87' lang='lat' dir='ltr'><strong>acriter</strong></span> <span class='ocrx_word' id='word_1_84' title='bbox 1329 898 1544 942; x_wconf 86' lang='lat' dir='ltr'><strong>sitientem</strong></span> <span class='ocrx_word' id='word_1_85' title='bbox 1593 895 1767 940; x_wconf 89' lang='lat' dir='ltr'><strong>domum</strong></span> <span class='ocrx_word' id='word_1_86' title='bbox 1844 902 1847 903; x_wconf 72' lang='grc'><em>’</em></span> <span class='ocrx_word' id='word_1_87' title='bbox 1877 887 1897 906; x_wconf 72' lang='grc'>”</span> <span class='ocrx_word' id='word_1_88' title='bbox 1922 894 1945 929; x_wconf 62' lang='lat'><em>³</em></span> 
     </span>
     <span class='ocr_line' id='line_1_12' title="bbox 259 957 1938 1024; baseline 0 -16"><span class='ocrx_word' id='word_1_89' title='bbox 259 964 476 1021; x_wconf 90' lang='lat' dir='ltr'><strong>quandam</strong></span> <span class='ocrx_word' id='word_1_90' title='bbox 513 964 690 1020; x_wconf 86' lang='lat' dir='ltr'><strong>adiisse,</strong></span> <span class='ocrx_word' id='word_1_91' title='bbox 720 966 765 1008; x_wconf 91' lang='lat' dir='ltr'><strong>in</strong></span> <span class='ocrx_word' id='word_1_92' title='bbox 800 978 885 1021; x_wconf 88' lang='lat' dir='ltr'><strong>qua</strong></span> <span class='ocrx_word' id='word_1_93' title='bbox 918 965 1104 1020; x_wconf 85' lang='lat' dir='ltr'><strong>virgines</strong></span> <span class='ocrx_word' id='word_1_94' title='bbox 1138 964 1327 1009; x_wconf 86' lang='lat' dir='ltr'><strong>ridentes</strong></span> <span class='ocrx_word' id='word_1_95' title='bbox 1347 964 1496 1024; x_wconf 77' lang='lat' dir='ltr'><strong>procul</strong></span> <span class='ocrx_word' id='word_1_96' title='bbox 1523 957 1766 1010; x_wconf 83' lang='lat' dir='ltr'><strong>audivisset.</strong></span> <span class='ocrx_word' id='word_1_97' title='bbox 1811 958 1816 961; x_wconf 41' lang='grc'><strong>“</strong></span> <span class='ocrx_word' id='word_1_98' title='bbox 1926 958 1938 968; x_wconf 60' lang='grc'><strong>”“</strong></span> 
     </span>
     <span class='ocr_line' id='line_1_13' title="bbox 261 1033 1768 1093; baseline 0 -16"><span class='ocrx_word' id='word_1_99' title='bbox 261 1048 371 1090; x_wconf 90' lang='lat' dir='ltr'><strong>quae</strong></span> <span class='ocrx_word' id='word_1_100' title='bbox 401 1033 552 1078; x_wconf 91' lang='lat' dir='ltr'><strong>domus</strong></span> <span class='ocrx_word' id='word_1_101' title='bbox 584 1047 680 1078; x_wconf 91' lang='lat' dir='ltr'><strong>cum</strong></span> <span class='ocrx_word' id='word_1_102' title='bbox 710 1039 822 1078; x_wconf 88' lang='lat' dir='ltr'><strong>esset</strong></span> <span class='ocrx_word' id='word_1_103' title='bbox 851 1035 1059 1092; x_wconf 90' lang='lat' dir='ltr'><strong>templum</strong></span> <span class='ocrx_word' id='word_1_104' title='bbox 1090 1035 1236 1079; x_wconf 89' lang='lat' dir='ltr'><strong>Bonae</strong></span> <span class='ocrx_word' id='word_1_105' title='bbox 1256 1034 1388 1089; x_wconf 88' lang='lat' dir='ltr'><strong>Deae,</strong></span> <span class='ocrx_word' id='word_1_106' title='bbox 1420 1049 1448 1079; x_wconf 90' lang='lat' dir='ltr'><strong>a</strong></span> <span class='ocrx_word' id='word_1_107' title='bbox 1472 1033 1693 1093; x_wconf 80' lang='lat' dir='ltr'><strong>sacerdote</strong></span> <span class='ocrx_word' id='word_1_108' title='bbox 1722 1035 1768 1078; x_wconf 90' lang='lat' dir='ltr'><strong>in</strong></span> 
     </span>
     <span class='ocr_line' id='line_1_14' title="bbox 260 1102 1769 1163; baseline 0.001 -18"><span class='ocrx_word' id='word_1_109' title='bbox 260 1102 433 1146; x_wconf 90' lang='lat' dir='ltr'><strong>domum</strong></span> <span class='ocrx_word' id='word_1_110' title='bbox 453 1104 555 1146; x_wconf 88' lang='lat' dir='ltr'><strong>viris</strong></span> <span class='ocrx_word' id='word_1_111' title='bbox 579 1103 855 1147; x_wconf 87' lang='lat' dir='ltr'><strong>interdictam</strong></span> <span class='ocrx_word' id='word_1_112' title='bbox 884 1105 1059 1148; x_wconf 89' lang='lat' dir='ltr'><strong>introire</strong></span> <span class='ocrx_word' id='word_1_113' title='bbox 1090 1118 1186 1147; x_wconf 90' lang='lat' dir='ltr'><strong>eum</strong></span> <span class='ocrx_word' id='word_1_114' title='bbox 1216 1105 1392 1147; x_wconf 84' lang='lat' dir='ltr'><strong>vetitum</strong></span> <span class='ocrx_word' id='word_1_115' title='bbox 1413 1116 1524 1157; x_wconf 90' lang='lat' dir='ltr'><strong>esse;</strong></span> <span class='ocrx_word' id='word_1_116' title='bbox 1553 1107 1647 1147; x_wconf 75' lang='lat' dir='ltr'><strong>tum·</strong></span> <span class='ocrx_word' id='word_1_117' title='bbox 1662 1102 1769 1163; x_wconf 81' lang='lat' dir='ltr'><strong>Her-</strong></span> 
     </span>
     <span class='ocr_line' id='line_1_15' title="bbox 259 1171 1768 1217; baseline 0 -3"><span class='ocrx_word' id='word_1_118' title='bbox 259 1171 399 1215; x_wconf 90' lang='lat' dir='ltr'><strong>culem</strong></span> <span class='ocrx_word' id='word_1_119' title='bbox 435 1171 562 1214; x_wconf 91' lang='lat' dir='ltr'><strong>domo</strong></span> <span class='ocrx_word' id='word_1_120' title='bbox 592 1171 737 1215; x_wconf 88' lang='lat' dir='ltr'><strong>deleta</strong></span> <span class='ocrx_word' id='word_1_121' title='bbox 771 1173 842 1215; x_wconf 89' lang='lat' dir='ltr'><strong>siti</strong></span> <span class='ocrx_word' id='word_1_122' title='bbox 873 1172 1130 1216; x_wconf 86' lang='lat' dir='ltr'><strong>satisfecisse</strong></span> <span class='ocrx_word' id='word_1_123' title='bbox 1167 1177 1209 1215; x_wconf 90' lang='lat' dir='ltr'><strong>et</strong></span> <span class='ocrx_word' id='word_1_124' title='bbox 1239 1172 1371 1215; x_wconf 86' lang='lat' dir='ltr'><strong>Aram</strong></span> <span class='ocrx_word' id='word_1_125' title='bbox 1410 1186 1437 1215; x_wconf 91' lang='lat' dir='ltr'><strong>a</strong></span> <span class='ocrx_word' id='word_1_126' title='bbox 1472 1185 1517 1215; x_wconf 90' lang='lat' dir='ltr'><strong>se</strong></span> <span class='ocrx_word' id='word_1_127' title='bbox 1549 1171 1768 1217; x_wconf 79' lang='lat' dir='ltr'><strong>conditam</strong></span> 
     </span>
     <span class='ocr_line' id='line_1_16' title="bbox 257 1239 1636 1285; baseline 0.001 -3"><span class='ocrx_word' id='word_1_128' title='bbox 257 1241 302 1282; x_wconf 91' lang='lat' dir='ltr'><strong>in</strong></span> <span class='ocrx_word' id='word_1_129' title='bbox 333 1244 555 1284; x_wconf 87' lang='lat' dir='ltr'><strong>aeternum</strong></span> <span class='ocrx_word' id='word_1_130' title='bbox 584 1240 832 1284; x_wconf 89' lang='lat' dir='ltr'><strong>mulieribus</strong></span> <span class='ocrx_word' id='word_1_131' title='bbox 861 1239 1203 1285; x_wconf 84' lang='lat' dir='ltr'><strong>interdicendam</strong></span> <span class='ocrx_word' id='word_1_132' title='bbox 1232 1253 1324 1285; x_wconf 89' lang='lat' dir='ltr'><strong>esse</strong></span> <span class='ocrx_word' id='word_1_133' title='bbox 1355 1241 1636 1285; x_wconf 88' lang='lat' dir='ltr'><strong>constituisse.</strong></span> 
     </span>
     <span class='ocr_line' id='line_1_17' title="bbox 391 1308 1764 1365; baseline 0 -13"><span class='ocrx_word' id='word_1_134' title='bbox 391 1308 461 1352; x_wconf 89' lang='lat' dir='ltr'><strong>Ad</strong></span> <span class='ocrx_word' id='word_1_135' title='bbox 482 1309 605 1353; x_wconf 89' lang='lat' dir='ltr'><strong>huius</strong></span> <span class='ocrx_word' id='word_1_136' title='bbox 625 1310 797 1354; x_wconf 87' lang='lat' dir='ltr'><strong>fabulae</strong></span> <span class='ocrx_word' id='word_1_137' title='bbox 824 1314 1043 1353; x_wconf 87' lang='lat' dir='ltr'><strong>auctorem</strong></span> <span class='ocrx_word' id='word_1_138' title='bbox 1062 1309 1368 1365; x_wconf 83' lang='lat' dir='ltr'><strong>exquirendum</strong></span> <span class='ocrx_word' id='word_1_139' title='bbox 1387 1309 1568 1353; x_wconf 88' lang='lat' dir='ltr'><strong>multum</strong></span> <span class='ocrx_word' id='word_1_140' title='bbox 1587 1309 1764 1364; x_wconf 85' lang='lat' dir='ltr'><strong>faciunt,</strong></span> 
     </span>
     <span class='ocr_line' id='line_1_18' title="bbox 256 1372 1763 1436; baseline 0.001 -15"><span class='ocrx_word' id='word_1_141' title='bbox 256 1390 366 1435; x_wconf 90' lang='lat' dir='ltr'><strong>quae</strong></span> <span class='ocrx_word' id='word_1_142' title='bbox 397 1377 570 1422; x_wconf 84' lang='lat' dir='ltr'><strong>exhibet</strong></span> <span class='ocrx_word' id='word_1_143' title='bbox 600 1377 843 1424; x_wconf 88' lang='lat' dir='ltr'><strong>Macrobius</strong></span> <span class='ocrx_word' id='word_1_144' title='bbox 869 1377 1058 1434; x_wconf 84' lang='lat' dir='ltr'><strong>(Saturn.</strong></span> <span class='ocrx_word' id='word_1_145' title='bbox 1081 1376 1112 1422; x_wconf 95' lang='lat' dir='ltr'><strong>I.</strong></span> <span class='ocrx_word' id='word_1_146' title='bbox 1138 1372 1232 1435; x_wconf 78' lang='lat'>12):</span> <span class='ocrx_word' id='word_1_147' title='bbox 1265 1377 1405 1433; x_wconf 82' lang='lat' dir='ltr'><strong>„Haec</strong></span> <span class='ocrx_word' id='word_1_148' title='bbox 1433 1376 1549 1436; x_wconf 89' lang='lat' dir='ltr'><strong>apud</strong></span> <span class='ocrx_word' id='word_1_149' title='bbox 1575 1376 1763 1427; x_wconf 89' lang='lat' dir='ltr'><strong>Graecos</strong></span> 
     </span>
     <span class='ocr_line' id='line_1_19' title="bbox 253 1445 1795 1504; baseline 0.001 -15"><span class='ocrx_word' id='word_1_150' title='bbox 253 1445 286 1504; x_wconf 77' lang='grc' dir='ltr'><em>ἤ</em></span> <span class='ocrx_word' id='word_1_151' title='bbox 320 1445 436 1496; x_wconf 76' lang='grc' dir='ltr'><strong><em>θεὸς</em></strong></span> <span class='ocrx_word' id='word_1_152' title='bbox 469 1448 688 1503; x_wconf 62' lang='lat' dir='ltr'><strong>maincia</strong></span> <span class='ocrx_word' id='word_1_153' title='bbox 732 1447 888 1491; x_wconf 92' lang='lat' dir='ltr'><strong>dicitur</strong></span> <span class='ocrx_word' id='word_1_154' title='bbox 932 1461 1061 1504; x_wconf 90' lang='lat' dir='ltr'><strong>quam</strong></span> <span class='ocrx_word' id='word_1_155' title='bbox 1096 1447 1233 1492; x_wconf 89' lang='lat' dir='ltr'><strong>Varro</strong></span> <span class='ocrx_word' id='word_1_156' title='bbox 1270 1447 1405 1492; x_wconf 89' lang='lat' dir='ltr'><strong>filiam</strong></span> <span class='ocrx_word' id='word_1_157' title='bbox 1449 1461 1543 1492; x_wconf 91' lang='lat' dir='ltr'><strong>esse</strong></span> <span class='ocrx_word' id='word_1_158' title='bbox 1586 1446 1765 1492; x_wconf 84' lang='lat' dir='ltr'><strong>tradidit</strong></span> <span class='ocrx_word' id='word_1_159' title='bbox 1791 1469 1795 1474; x_wconf 86' lang='lat'>-</span> 
     </span>
     <span class='ocr_line' id='line_1_20' title="bbox 255 1515 1763 1573; baseline 0 -14"><span class='ocrx_word' id='word_1_160' title='bbox 255 1515 363 1560; x_wconf 90' lang='lat' dir='ltr'><strong>adeo</strong></span> <span class='ocrx_word' id='word_1_161' title='bbox 390 1515 607 1573; x_wconf 88' lang='lat' dir='ltr'><strong>pudicam,</strong></span> <span class='ocrx_word' id='word_1_162' title='bbox 638 1521 685 1560; x_wconf 90' lang='lat' dir='ltr'><strong>ut</strong></span> <span class='ocrx_word' id='word_1_163' title='bbox 706 1521 829 1560; x_wconf 86' lang='lat' dir='ltr'><strong>extra</strong></span> <span class='ocrx_word' id='word_1_164' title='bbox 847 1520 1138 1571; x_wconf 79' lang='grc' dir='ltr'><strong><em>γυναικωνῖτυν</em></strong></span> <span class='ocrx_word' id='word_1_165' title='bbox 1158 1531 1376 1573; x_wconf 90' lang='lat' dir='ltr'><strong>nunquam</strong></span> <span class='ocrx_word' id='word_1_166' title='bbox 1394 1518 1451 1561; x_wconf 91' lang='lat' dir='ltr'><strong>sit</strong></span> <span class='ocrx_word' id='word_1_167' title='bbox 1470 1529 1653 1572; x_wconf 86' lang='lat' dir='ltr'><strong>egressa,</strong></span> <span class='ocrx_word' id='word_1_168' title='bbox 1684 1529 1763 1560; x_wconf 91' lang='lat' dir='ltr'><strong>nec</strong></span> 
     </span>
     <span class='ocr_line' id='line_1_21' title="bbox 257 1584 1763 1642; baseline 0.001 -15"><span class='ocrx_word' id='word_1_169' title='bbox 257 1596 412 1629; x_wconf 88' lang='lat' dir='ltr'><strong>nomen</strong></span> <span class='ocrx_word' id='word_1_170' title='bbox 451 1585 543 1629; x_wconf 89' lang='lat' dir='ltr'><strong>eius</strong></span> <span class='ocrx_word' id='word_1_171' title='bbox 579 1585 625 1628; x_wconf 90' lang='lat' dir='ltr'><strong>in</strong></span> <span class='ocrx_word' id='word_1_172' title='bbox 661 1584 834 1642; x_wconf 89' lang='lat' dir='ltr'><strong>publico</strong></span> <span class='ocrx_word' id='word_1_173' title='bbox 870 1585 998 1629; x_wconf 84' lang='lat' dir='ltr'><strong>suerit</strong></span> <span class='ocrx_word' id='word_1_174' title='bbox 1034 1584 1245 1641; x_wconf 90' lang='lat' dir='ltr'><strong>auditum,</strong></span> <span class='ocrx_word' id='word_1_175' title='bbox 1290 1599 1370 1629; x_wconf 92' lang='lat' dir='ltr'><strong>nec</strong></span> <span class='ocrx_word' id='word_1_176' title='bbox 1404 1586 1541 1629; x_wconf 89' lang='lat' dir='ltr'><strong>virum</strong></span> <span class='ocrx_word' id='word_1_177' title='bbox 1576 1598 1763 1642; x_wconf 83' lang='lat' dir='ltr'><strong>unquam</strong></span> 
     </span>
     <span class='ocr_line' id='line_1_22' title="bbox 253 1652 1762 1712; baseline 0.001 -16"><span class='ocrx_word' id='word_1_178' title='bbox 253 1652 408 1697; x_wconf 87' lang='lat' dir='ltr'><strong>viderit</strong></span> <span class='ocrx_word' id='word_1_179' title='bbox 438 1667 519 1698; x_wconf 93' lang='lat' dir='ltr'><strong>nec</strong></span> <span class='ocrx_word' id='word_1_180' title='bbox 557 1667 584 1697; x_wconf 89' lang='lat' dir='ltr'><strong>a</strong></span> <span class='ocrx_word' id='word_1_181' title='bbox 618 1654 709 1697; x_wconf 88' lang='lat' dir='ltr'><strong>viro</strong></span> <span class='ocrx_word' id='word_1_182' title='bbox 744 1654 838 1698; x_wconf 84' lang='lat' dir='ltr'><strong>visa</strong></span> <span class='ocrx_word' id='word_1_183' title='bbox 873 1655 946 1709; x_wconf 90' lang='lat' dir='ltr'><strong>sit,</strong></span> <span class='ocrx_word' id='word_1_184' title='bbox 984 1658 1158 1712; x_wconf 89' lang='lat' dir='ltr'><strong>propter</strong></span> <span class='ocrx_word' id='word_1_185' title='bbox 1193 1653 1305 1711; x_wconf 89' lang='lat' dir='ltr'><strong>quod</strong></span> <span class='ocrx_word' id='word_1_186' title='bbox 1341 1667 1421 1698; x_wconf 92' lang='lat' dir='ltr'><strong>nec</strong></span> <span class='ocrx_word' id='word_1_187' title='bbox 1455 1654 1520 1698; x_wconf 90' lang='lat' dir='ltr'><strong>vir</strong></span> <span class='ocrx_word' id='word_1_188' title='bbox 1555 1653 1762 1712; x_wconf 91' lang='lat' dir='ltr'><strong>templum</strong></span> 
     </span>
     <span class='ocr_line' id='line_1_23' title="bbox 253 1721 1762 1777; baseline 0 -11"><span class='ocrx_word' id='word_1_189' title='bbox 253 1723 343 1766; x_wconf 89' lang='lat' dir='ltr'><strong>eius</strong></span> <span class='ocrx_word' id='word_1_190' title='bbox 378 1721 627 1777; x_wconf 87' lang='lat' dir='ltr'><strong>ingreditur.</strong></span> <span class='ocrx_word' id='word_1_191' title='bbox 688 1721 812 1766; x_wconf 89' lang='lat' dir='ltr'><strong>Unde</strong></span> <span class='ocrx_word' id='word_1_192' title='bbox 847 1727 891 1766; x_wconf 91' lang='lat' dir='ltr'><strong>et</strong></span> <span class='ocrx_word' id='word_1_193' title='bbox 926 1722 1126 1767; x_wconf 88' lang='lat' dir='ltr'><strong>mulieres</strong></span> <span class='ocrx_word' id='word_1_194' title='bbox 1163 1724 1207 1766; x_wconf 93' lang='lat' dir='ltr'><strong>in</strong></span> <span class='ocrx_word' id='word_1_195' title='bbox 1244 1722 1374 1767; x_wconf 90' lang='lat' dir='ltr'><strong>Italia</strong></span> <span class='ocrx_word' id='word_1_196' title='bbox 1411 1735 1532 1767; x_wconf 91' lang='lat' dir='ltr'><strong>sacro</strong></span> <span class='ocrx_word' id='word_1_197' title='bbox 1569 1721 1762 1766; x_wconf 89' lang='lat' dir='ltr'><strong>Herculis</strong></span> 
     </span>
     <span class='ocr_line' id='line_1_24' title="bbox 251 1790 1762 1848; baseline 0.001 -15"><span class='ocrx_word' id='word_1_198' title='bbox 251 1802 340 1833; x_wconf 89' lang='lat' dir='ltr'><strong>non</strong></span> <span class='ocrx_word' id='word_1_199' title='bbox 368 1790 472 1834; x_wconf 89' lang='lat' dir='ltr'><strong>licet</strong></span> <span class='ocrx_word' id='word_1_200' title='bbox 501 1791 726 1847; x_wconf 88' lang='lat' dir='ltr'><strong>interesse,</strong></span> <span class='ocrx_word' id='word_1_201' title='bbox 771 1792 871 1848; x_wconf 89' lang='lat' dir='ltr'><strong>quia</strong></span> <span class='ocrx_word' id='word_1_202' title='bbox 915 1790 1104 1847; x_wconf 90' lang='lat' dir='ltr'><strong>Herculi,</strong></span> <span class='ocrx_word' id='word_1_203' title='bbox 1142 1805 1238 1835; x_wconf 91' lang='lat' dir='ltr'><strong>cum</strong></span> <span class='ocrx_word' id='word_1_204' title='bbox 1283 1791 1411 1836; x_wconf 89' lang='lat' dir='ltr'><strong>boves</strong></span> <span class='ocrx_word' id='word_1_205' title='bbox 1441 1790 1650 1848; x_wconf 86' lang='lat' dir='ltr'><strong>Geryonis</strong></span> <span class='ocrx_word' id='word_1_206' title='bbox 1685 1804 1762 1848; x_wconf 88' lang='lat' dir='ltr'><strong>per</strong></span> 
     </span>
     <span class='ocr_line' id='line_1_25' title="bbox 254 1858 1761 1917; baseline 0 -15"><span class='ocrx_word' id='word_1_207' title='bbox 254 1871 380 1914; x_wconf 79' lang='lat' dir='ltr'><strong>agros</strong></span> <span class='ocrx_word' id='word_1_208' title='bbox 399 1858 555 1903; x_wconf 88' lang='lat' dir='ltr'><strong>Italiae</strong></span> <span class='ocrx_word' id='word_1_209' title='bbox 576 1859 763 1915; x_wconf 88' lang='lat' dir='ltr'><strong>duceret,</strong></span> <span class='ocrx_word' id='word_1_210' title='bbox 793 1860 954 1904; x_wconf 88' lang='lat' dir='ltr'><strong>sitienti</strong></span> <span class='ocrx_word' id='word_1_211' title='bbox 972 1859 1195 1917; x_wconf 89' lang='lat' dir='ltr'><strong>respondit</strong></span> <span class='ocrx_word' id='word_1_212' title='bbox 1220 1859 1384 1916; x_wconf 88' lang='lat' dir='ltr'><strong>mulier,</strong></span> <span class='ocrx_word' id='word_1_213' title='bbox 1415 1858 1570 1916; x_wconf 70' lang='lat' dir='ltr'><strong>aquam</strong></span> <span class='ocrx_word' id='word_1_214' title='bbox 1600 1873 1645 1904; x_wconf 92' lang='lat' dir='ltr'><strong>se</strong></span> <span class='ocrx_word' id='word_1_215' title='bbox 1674 1871 1761 1903; x_wconf 89' lang='lat' dir='ltr'><strong>non</strong></span> 
     </span>
     <span class='ocr_line' id='line_1_26' title="bbox 186 1927 1761 1985; baseline -0.001 -14"><span class='ocrx_word' id='word_1_216' title='bbox 186 1953 194 1961; x_wconf 88' lang='lat'><strong>·</strong></span> <span class='ocrx_word' id='word_1_217' title='bbox 254 1939 379 1984; x_wconf 90' lang='lat' dir='ltr'><strong>posse</strong></span> <span class='ocrx_word' id='word_1_218' title='bbox 408 1932 643 1985; x_wconf 89' lang='lat' dir='ltr'><strong>praestare,</strong></span> <span class='ocrx_word' id='word_1_219' title='bbox 674 1927 787 1984; x_wconf 91' lang='lat' dir='ltr'><strong>quod</strong></span> <span class='ocrx_word' id='word_1_220' title='bbox 816 1928 1071 1972; x_wconf 85' lang='lat' dir='ltr'><strong>feminarum</strong></span> <span class='ocrx_word' id='word_1_221' title='bbox 1101 1927 1209 1972; x_wconf 88' lang='lat' dir='ltr'><strong>deae</strong></span> <span class='ocrx_word' id='word_1_222' title='bbox 1240 1928 1526 1973; x_wconf 83' lang='lat' dir='ltr'><strong>celebraretur</strong></span> <span class='ocrx_word' id='word_1_223' title='bbox 1561 1927 1652 1972; x_wconf 83' lang='lat' dir='ltr'><strong>dies</strong></span> <span class='ocrx_word' id='word_1_224' title='bbox 1681 1940 1761 1971; x_wconf 92' lang='lat' dir='ltr'><strong>nec</strong></span> 
     </span>
    </p>
   </div>
   <div class='ocr_carea' id='block_1_4' title="bbox 255 2019 528 2027">
    <p class='ocr_par' dir='ltr' id='par_1_4' title="bbox 255 2019 528 2027">
     <span class='ocr_line' id='line_1_27' title="bbox 255 2019 528 2027; baseline 0 0"><span class='ocrx_word' id='word_1_225' title='bbox 255 2019 528 2027; x_wconf 95' lang='lat' dir='ltr'><strong> </strong></span> 
     </span>
    </p>
   </div>
   <div class='ocr_carea' id='block_1_5' title="bbox 249 2074 1945 2751">
    <p class='ocr_par' dir='ltr' id='par_1_5' title="bbox 249 2074 1945 2751">
     <span class='ocr_line' id='line_1_28' title="bbox 388 2074 1758 2122; baseline 0.001 -12"><span class='ocrx_word' id='word_1_226' title='bbox 388 2076 419 2122; x_wconf 85' lang='lat'><strong>1)</strong></span> <span class='ocrx_word' id='word_1_227' title='bbox 467 2074 580 2111; x_wconf 88' lang='lat' dir='ltr'><strong>Varro</strong></span> <span class='ocrx_word' id='word_1_228' title='bbox 597 2074 704 2111; x_wconf 88' lang='lat' dir='ltr'><strong>docet</strong></span> <span class='ocrx_word' id='word_1_229' title='bbox 720 2074 764 2111; x_wconf 90' lang='lat' dir='ltr'><strong>de</strong></span> <span class='ocrx_word' id='word_1_230' title='bbox 781 2074 804 2111; x_wconf 91' lang='grc'><strong>1.</strong></span> <span class='ocrx_word' id='word_1_231' title='bbox 820 2074 844 2110; x_wconf 92' lang='lat' dir='ltr'><strong>l.</strong></span> <span class='ocrx_word' id='word_1_232' title='bbox 861 2074 902 2113; x_wconf 89' lang='lat' dir='ltr'><strong>V.</strong></span> <span class='ocrx_word' id='word_1_233' title='bbox 920 2075 1003 2113; x_wconf 83' lang='lat'>146:</span> <span class='ocrx_word' id='word_1_234' title='bbox 1031 2074 1121 2118; x_wconf 87' lang='lat' dir='ltr'><strong>„Ubi</strong></span> <span class='ocrx_word' id='word_1_235' title='bbox 1139 2074 1226 2122; x_wconf 88' lang='lat' dir='ltr'><strong>quid</strong></span> <span class='ocrx_word' id='word_1_236' title='bbox 1242 2074 1450 2122; x_wconf 87' lang='lat' dir='ltr'><strong>generatim,</strong></span> <span class='ocrx_word' id='word_1_237' title='bbox 1474 2074 1638 2111; x_wconf 86' lang='lat' dir='ltr'><strong>additum</strong></span> <span class='ocrx_word' id='word_1_238' title='bbox 1654 2074 1700 2112; x_wconf 91' lang='lat' dir='ltr'><strong>ab</strong></span> <span class='ocrx_word' id='word_1_239' title='bbox 1716 2085 1758 2111; x_wconf 93' lang='lat' dir='ltr'><strong>eo</strong></span> 
     </span>
     <span class='ocr_line' id='line_1_29' title="bbox 251 2131 1760 2179; baseline 0 -11"><span class='ocrx_word' id='word_1_240' title='bbox 251 2142 461 2179; x_wconf 84' lang='lat' dir='ltr'><strong>cognomen,</strong></span> <span class='ocrx_word' id='word_1_241' title='bbox 497 2134 538 2168; x_wconf 89' lang='lat' dir='ltr'><strong>ut</strong></span> <span class='ocrx_word' id='word_1_242' title='bbox 562 2132 680 2168; x_wconf 83' lang='lat' dir='ltr'><strong>forum</strong></span> <span class='ocrx_word' id='word_1_243' title='bbox 702 2131 900 2169; x_wconf 78' lang='lat' dir='ltr'><strong>boarium‘.</strong></span> <span class='ocrx_word' id='word_1_244' title='bbox 947 2131 1075 2179; x_wconf 87' lang='lat' dir='ltr'><strong>Itaque</strong></span> <span class='ocrx_word' id='word_1_245' title='bbox 1111 2131 1225 2168; x_wconf 84' lang='lat' dir='ltr'><strong>tradit</strong></span> <span class='ocrx_word' id='word_1_246' title='bbox 1260 2131 1390 2168; x_wconf 85' lang='lat' dir='ltr'><strong>Festus</strong></span> <span class='ocrx_word' id='word_1_247' title='bbox 1414 2142 1449 2178; x_wconf 83' lang='lat' dir='ltr'><strong>p.</strong></span> <span class='ocrx_word' id='word_1_248' title='bbox 1467 2131 1531 2169; x_wconf 80' lang='lat'><strong>30:</strong></span> <span class='ocrx_word' id='word_1_249' title='bbox 1555 2131 1760 2174; x_wconf 54' lang='lat' dir='ltr'><strong>,Boarium</strong></span> 
     </span>
     <span class='ocr_line' id='line_1_30' title="bbox 251 2188 1761 2235; baseline 0 -10"><span class='ocrx_word' id='word_1_250' title='bbox 251 2189 369 2225; x_wconf 86' lang='lat' dir='ltr'><strong>forum</strong></span> <span class='ocrx_word' id='word_1_251' title='bbox 392 2189 529 2225; x_wconf 88' lang='lat' dir='ltr'><strong>Romae</strong></span> <span class='ocrx_word' id='word_1_252' title='bbox 559 2188 746 2226; x_wconf 84' lang='lat' dir='ltr'><strong>dicebatur</strong></span> <span class='ocrx_word' id='word_1_253' title='bbox 776 2188 875 2235; x_wconf 89' lang='lat' dir='ltr'><strong>quod</strong></span> <span class='ocrx_word' id='word_1_254' title='bbox 910 2189 959 2226; x_wconf 90' lang='lat' dir='ltr'><strong>ibi</strong></span> <span class='ocrx_word' id='word_1_255' title='bbox 994 2189 1231 2226; x_wconf 86' lang='lat' dir='ltr'><strong>venderentur</strong></span> <span class='ocrx_word' id='word_1_256' title='bbox 1264 2189 1409 2227; x_wconf 83' lang='lat' dir='ltr'><strong>boves“.</strong></span> <span class='ocrx_word' id='word_1_257' title='bbox 1455 2188 1558 2225; x_wconf 88' lang='lat' dir='ltr'><strong>Alios</strong></span> <span class='ocrx_word' id='word_1_258' title='bbox 1593 2198 1761 2225; x_wconf 86' lang='lat' dir='ltr'><strong>revocare</strong></span> 
     </span>
     <span class='ocr_line' id='line_1_31' title="bbox 251 2245 1936 2293; baseline -0.001 -10"><span class='ocrx_word' id='word_1_259' title='bbox 251 2256 380 2283; x_wconf 86' lang='lat' dir='ltr'><strong>nomen</strong></span> <span class='ocrx_word' id='word_1_260' title='bbox 405 2246 472 2283; x_wconf 82' lang='lat' dir='ltr'><strong>fori</strong></span> <span class='ocrx_word' id='word_1_261' title='bbox 498 2246 621 2283; x_wconf 88' lang='lat' dir='ltr'><strong>Boarii</strong></span> <span class='ocrx_word' id='word_1_262' title='bbox 645 2245 693 2283; x_wconf 87' lang='lat' dir='ltr'><strong>ad</strong></span> <span class='ocrx_word' id='word_1_263' title='bbox 717 2246 859 2292; x_wconf 88' lang='lat' dir='ltr'><strong>signum</strong></span> <span class='ocrx_word' id='word_1_264' title='bbox 882 2256 1042 2290; x_wconf 89' lang='lat' dir='ltr'><strong>aeneum,</strong></span> <span class='ocrx_word' id='word_1_265' title='bbox 1068 2246 1164 2293; x_wconf 90' lang='lat' dir='ltr'><strong>quod</strong></span> <span class='ocrx_word' id='word_1_266' title='bbox 1189 2247 1227 2282; x_wconf 90' lang='lat' dir='ltr'><strong>in</strong></span> <span class='ocrx_word' id='word_1_267' title='bbox 1251 2246 1331 2282; x_wconf 86' lang='lat' dir='ltr'><strong>foro</strong></span> <span class='ocrx_word' id='word_1_268' title='bbox 1355 2246 1516 2292; x_wconf 89' lang='lat' dir='ltr'><strong>positum</strong></span> <span class='ocrx_word' id='word_1_269' title='bbox 1546 2248 1643 2290; x_wconf 82' lang='lat' dir='ltr'><strong>erat,</strong></span> <span class='ocrx_word' id='word_1_270' title='bbox 1667 2245 1761 2282; x_wconf 87' lang='lat' dir='ltr'><strong>inter</strong></span> <span class='ocrx_word' id='word_1_271' title='bbox 1874 2275 1876 2277; x_wconf 62' lang='grc'><strong>,</strong></span> <span class='ocrx_word' id='word_1_272' title='bbox 1914 2274 1936 2292; x_wconf 41' lang='grc'>,</span> 
     </span>
     <span class='ocr_line' id='line_1_32' title="bbox 249 2295 1945 2347; baseline -0.001 -8"><span class='ocrx_word' id='word_1_273' title='bbox 249 2314 373 2339; x_wconf 90' lang='lat' dir='ltr'><strong>omnes</strong></span> <span class='ocrx_word' id='word_1_274' title='bbox 390 2305 545 2339; x_wconf 88' lang='lat' dir='ltr'><strong>constat.</strong></span> <span class='ocrx_word' id='word_1_275' title='bbox 594 2303 640 2338; x_wconf 86' lang='lat' dir='ltr'><strong>cf.</strong></span> <span class='ocrx_word' id='word_1_276' title='bbox 658 2302 807 2338; x_wconf 84' lang='lat' dir='ltr'><strong>Tacitus</strong></span> <span class='ocrx_word' id='word_1_277' title='bbox 824 2304 917 2340; x_wconf 86' lang='lat' dir='ltr'><strong>Ann.</strong></span> <span class='ocrx_word' id='word_1_278' title='bbox 933 2302 1011 2341; x_wconf 89' lang='lat' dir='ltr'>XII.</span> <span class='ocrx_word' id='word_1_279' title='bbox 1028 2303 1090 2341; x_wconf 81' lang='lat'><strong>24:</strong></span> <span class='ocrx_word' id='word_1_280' title='bbox 1117 2314 1140 2338; x_wconf 86' lang='lat' dir='ltr'><strong>a</strong></span> <span class='ocrx_word' id='word_1_281' title='bbox 1156 2303 1235 2339; x_wconf 86' lang='lat' dir='ltr'><strong>foro</strong></span> <span class='ocrx_word' id='word_1_282' title='bbox 1251 2302 1388 2346; x_wconf 76' lang='lat' dir='ltr'><strong>boario,</strong></span> <span class='ocrx_word' id='word_1_283' title='bbox 1412 2302 1475 2338; x_wconf 90' lang='lat' dir='ltr'><strong>ubi</strong></span> <span class='ocrx_word' id='word_1_284' title='bbox 1498 2312 1642 2338; x_wconf 80' lang='lat' dir='ltr'><strong>aereum</strong></span> <span class='ocrx_word' id='word_1_285' title='bbox 1663 2302 1760 2338; x_wconf 76' lang='lat' dir='ltr'><strong>tauri</strong></span> <span class='ocrx_word' id='word_1_286' title='bbox 1907 2295 1945 2347; x_wconf 88' lang='grc' dir='ltr'><em>ξ</em></span> 
     </span>
     <span class='ocr_line' id='line_1_33' title="bbox 250 2354 1945 2407; baseline 0 -11"><span class='ocrx_word' id='word_1_287' title='bbox 250 2359 481 2396; x_wconf 85' lang='lat' dir='ltr'><strong>simulacrum</strong></span> <span class='ocrx_word' id='word_1_288' title='bbox 504 2359 713 2406; x_wconf 87' lang='lat' dir='ltr'><strong>aspicimus,</strong></span> <span class='ocrx_word' id='word_1_289' title='bbox 737 2359 823 2407; x_wconf 86' lang='lat' dir='ltr'><strong>quia</strong></span> <span class='ocrx_word' id='word_1_290' title='bbox 847 2358 885 2395; x_wconf 91' lang='lat' dir='ltr'><strong>id</strong></span> <span class='ocrx_word' id='word_1_291' title='bbox 908 2370 1020 2406; x_wconf 89' lang='lat' dir='ltr'><strong>genus</strong></span> <span class='ocrx_word' id='word_1_292' title='bbox 1045 2359 1254 2396; x_wconf 83' lang='lat' dir='ltr'><strong>animalium</strong></span> <span class='ocrx_word' id='word_1_293' title='bbox 1277 2360 1398 2396; x_wconf 87' lang='lat' dir='ltr'><strong>aratro</strong></span> <span class='ocrx_word' id='word_1_294' title='bbox 1423 2357 1600 2404; x_wconf 82' lang='lat' dir='ltr'><strong>subditur,</strong></span> <span class='ocrx_word' id='word_1_295' title='bbox 1637 2359 1761 2396; x_wconf 81' lang='lat' dir='ltr'><strong>sulcus</strong></span> <span class='ocrx_word' id='word_1_296' title='bbox 1866 2366 1869 2370; x_wconf 75' lang='grc'><em>’</em></span> <span class='ocrx_word' id='word_1_297' title='bbox 1892 2354 1945 2378; x_wconf 77' lang='grc'><strong>··”</strong></span> 
     </span>
     <span class='ocr_line' id='line_1_34' title="bbox 249 2416 1759 2463; baseline 0 -11"><span class='ocrx_word' id='word_1_298' title='bbox 249 2417 463 2463; x_wconf 83' lang='lat' dir='ltr'><strong>designandi</strong></span> <span class='ocrx_word' id='word_1_299' title='bbox 499 2416 625 2463; x_wconf 88' lang='lat' dir='ltr'><strong>oppidi</strong></span> <span class='ocrx_word' id='word_1_300' title='bbox 662 2419 831 2463; x_wconf 86' lang='lat' dir='ltr'><strong>coeptus,</strong></span> <span class='ocrx_word' id='word_1_301' title='bbox 867 2418 909 2452; x_wconf 87' lang='lat' dir='ltr'><strong>ut</strong></span> <span class='ocrx_word' id='word_1_302' title='bbox 943 2427 1111 2462; x_wconf 88' lang='lat' dir='ltr'><strong>magnam</strong></span> <span class='ocrx_word' id='word_1_303' title='bbox 1133 2416 1300 2453; x_wconf 90' lang='lat' dir='ltr'><strong>Herculis</strong></span> <span class='ocrx_word' id='word_1_304' title='bbox 1336 2427 1437 2453; x_wconf 86' lang='lat' dir='ltr'><strong>aram</strong></span> <span class='ocrx_word' id='word_1_305' title='bbox 1472 2416 1759 2463; x_wconf 83' lang='lat' dir='ltr'><strong>amplecteretur.</strong></span> 
     </span>
     <span class='ocr_line' id='line_1_35' title="bbox 249 2472 716 2513; baseline -0.002 -4"><span class='ocrx_word' id='word_1_306' title='bbox 249 2473 295 2512; x_wconf 86' lang='lat' dir='ltr'><strong>cf.</strong></span> <span class='ocrx_word' id='word_1_307' title='bbox 312 2473 415 2513; x_wconf 81' lang='lat' dir='ltr'><strong>Ovid.</strong></span> <span class='ocrx_word' id='word_1_308' title='bbox 431 2473 532 2511; x_wconf 85' lang='lat' dir='ltr'><strong>Fast.</strong></span> <span class='ocrx_word' id='word_1_309' title='bbox 549 2472 608 2512; x_wconf 88' lang='lat' dir='ltr'><strong>VI.</strong></span> <span class='ocrx_word' id='word_1_310' title='bbox 626 2473 716 2509; x_wconf 74' lang='lat'><strong>4782</strong></span> 
     </span>
     <span class='ocr_line' id='line_1_36' title="bbox 522 2531 1510 2578; baseline -0.001 -10"><span class='ocrx_word' id='word_1_311' title='bbox 522 2531 696 2578; x_wconf 86' lang='lat' dir='ltr'><strong>pontibus</strong></span> <span class='ocrx_word' id='word_1_312' title='bbox 721 2532 759 2567; x_wconf 86' lang='lat' dir='ltr'><strong>et</strong></span> <span class='ocrx_word' id='word_1_313' title='bbox 780 2541 911 2578; x_wconf 85' lang='lat' dir='ltr'><strong>magno</strong></span> <span class='ocrx_word' id='word_1_314' title='bbox 935 2531 1061 2568; x_wconf 84' lang='lat' dir='ltr'><strong>iuncta</strong></span> <span class='ocrx_word' id='word_1_315' title='bbox 1083 2533 1139 2568; x_wconf 88' lang='lat' dir='ltr'><strong>est</strong></span> <span class='ocrx_word' id='word_1_316' title='bbox 1162 2531 1391 2569; x_wconf 86' lang='lat' dir='ltr'><strong>celeberrima</strong></span> <span class='ocrx_word' id='word_1_317' title='bbox 1414 2531 1510 2568; x_wconf 90' lang='lat' dir='ltr'><strong>circo</strong></span> 
     </span>
     <span class='ocr_line' id='line_1_37' title="bbox 523 2588 1366 2636; baseline 0.001 -12"><span class='ocrx_word' id='word_1_318' title='bbox 523 2598 618 2633; x_wconf 84' lang='lat' dir='ltr'><strong>area,</strong></span> <span class='ocrx_word' id='word_1_319' title='bbox 643 2599 737 2636; x_wconf 84' lang='lat' dir='ltr'><strong>quae</strong></span> <span class='ocrx_word' id='word_1_320' title='bbox 759 2588 881 2636; x_wconf 86' lang='lat' dir='ltr'><strong>posito</strong></span> <span class='ocrx_word' id='word_1_321' title='bbox 906 2589 951 2625; x_wconf 91' lang='lat' dir='ltr'><strong>de</strong></span> <span class='ocrx_word' id='word_1_322' title='bbox 973 2589 1065 2626; x_wconf 82' lang='lat' dir='ltr'><strong>bove</strong></span> <span class='ocrx_word' id='word_1_323' title='bbox 1087 2599 1218 2626; x_wconf 89' lang='lat' dir='ltr'><strong>nomen</strong></span> <span class='ocrx_word' id='word_1_324' title='bbox 1241 2588 1366 2626; x_wconf 81' lang='lat' dir='ltr'><strong>habet.</strong></span> 
     </span>
     <span class='ocr_line' id='line_1_38' title="bbox 351 2645 1485 2695; baseline 0.003 -15"><span class='ocrx_word' id='word_1_325' title='bbox 351 2645 379 2684; x_wconf 89' lang='lat'><strong>1.</strong></span> <span class='ocrx_word' id='word_1_326' title='bbox 402 2646 487 2684; x_wconf 80' lang='lat'>581:</span> <span class='ocrx_word' id='word_1_327' title='bbox 519 2645 782 2694; x_wconf 88' lang='lat' dir='ltr'><strong>constituitque</strong></span> <span class='ocrx_word' id='word_1_328' title='bbox 805 2646 887 2693; x_wconf 88' lang='lat' dir='ltr'><strong>sibi,</strong></span> <span class='ocrx_word' id='word_1_329' title='bbox 912 2656 1005 2695; x_wconf 86' lang='lat' dir='ltr'><strong>quae</strong></span> <span class='ocrx_word' id='word_1_330' title='bbox 1021 2646 1179 2683; x_wconf 85' lang='lat' dir='ltr'><strong>maxima</strong></span> <span class='ocrx_word' id='word_1_331' title='bbox 1202 2645 1344 2691; x_wconf 87' lang='lat' dir='ltr'><strong>dicitur,</strong></span> <span class='ocrx_word' id='word_1_332' title='bbox 1369 2656 1485 2691; x_wconf 86' lang='lat' dir='ltr'><strong>aram,</strong></span> 
     </span>
     <span class='ocr_line' id='line_1_39' title="bbox 520 2703 1382 2751; baseline 0.003 -11"><span class='ocrx_word' id='word_1_333' title='bbox 520 2703 580 2740; x_wconf 91' lang='lat' dir='ltr'><strong>hic</strong></span> <span class='ocrx_word' id='word_1_334' title='bbox 603 2704 666 2741; x_wconf 88' lang='lat' dir='ltr'><strong>ubi</strong></span> <span class='ocrx_word' id='word_1_335' title='bbox 689 2714 776 2751; x_wconf 80' lang='lat' dir='ltr'><strong>pars</strong></span> <span class='ocrx_word' id='word_1_336' title='bbox 799 2703 899 2742; x_wconf 88' lang='lat' dir='ltr'><strong>urbis</strong></span> <span class='ocrx_word' id='word_1_337' title='bbox 923 2704 968 2742; x_wconf 90' lang='lat' dir='ltr'><strong>de</strong></span> <span class='ocrx_word' id='word_1_338' title='bbox 992 2704 1084 2741; x_wconf 91' lang='lat' dir='ltr'><strong>bove</strong></span> <span class='ocrx_word' id='word_1_339' title='bbox 1107 2714 1238 2741; x_wconf 87' lang='lat' dir='ltr'><strong>nomen</strong></span> <span class='ocrx_word' id='word_1_340' title='bbox 1260 2704 1382 2743; x_wconf 71' lang='lat' dir='ltr'><strong>habet.</strong></span> 
     </span>
    </p>
   </div>
   <div class='ocr_carea' id='block_1_6' title="bbox 1731 2488 1945 3041">
    <p class='ocr_par' dir='ltr' id='par_1_6' title="bbox 1731 2488 1945 3041">
     <span class='ocr_line' id='line_1_40' title="bbox 1731 2488 1945 3041; baseline 0 0"><span class='ocrx_word' id='word_1_341' title='bbox 1731 2488 1945 3041; x_wconf 95' lang='lat' dir='ltr'><strong> </strong></span> 
     </span>
    </p>
   </div>
  </div>
 </body>
</html>
