1945 3041
751 743 1013 851 Pars
1059 772 1127 850 1.

833 957 966 1033 Cap.
1006 958 1042 1016 l.

190 1075 287 1133 Quo
324 1075 518 1120 consilio
549 1075 824 1128 Propertius
860 1074 1064 1130 carmina
1093 1073 1148 1117 de
1179 1059 1455 1127 antiquitate
1484 1061 1687 1118 Romana

802 1141 1076 1186 condiderit.

321 1256 424 1299 Post
444 1269 634 1313 pugnam
649 1255 875 1297 Actiacam
886 1237 1024 1298 li'bera
1043 1255 1265 1311 republica
1280 1254 1423 1298 deleta
1443 1268 1527 1298 non
1549 1255 1685 1299 solum

186 1329 385 1368 naturam
415 1324 601 1367 civilium
631 1337 771 1366 rerum
801 1322 876 1366 sed
905 1323 1036 1366 etiam
1067 1336 1163 1366 cum
1192 1323 1430 1366 litterarum
1465 1328 1554 1367 tum
1592 1338 1684 1368 car-

184 1394 345 1436 minum
376 1393 676 1435 tractationem
708 1402 877 1446 prorsus
907 1395 1118 1433 mutatam
1147 1405 1238 1434 esse
1268 1393 1379 1433 inter
1408 1403 1554 1434 omnes
1584 1404 1684 1435 con-

188 1464 287 1503 stat.
347 1459 480 1503 Recto
517 1459 631 1502 enim
667 1458 823 1501 iudicio
863 1458 1078 1513 Augustus
1123 1466 1168 1501 se
1214 1460 1257 1501 in
1302 1458 1596 1503 confirmanda
1641 1466 1686 1504 et

184 1527 494 1585 amplificanda
538 1532 749 1583 potestate
787 1540 813 1568 a
851 1526 978 1569 nullis
1013 1527 1164 1569 melius
1207 1528 1342 1569 iuvari
1386 1539 1510 1582 posse
1553 1541 1681 1582 quam

185 1610 212 1639 a
242 1597 379 1653 poetis
415 1599 694 1649 cognoverat,
729 1606 832 1650 quos
870 1598 916 1637 ut
953 1593 1034 1638 sibi
1056 1593 1321 1655 adiungeret
1363 1600 1406 1638 et
1448 1594 1682 1641 devinciret

183 1665 379 1709 omnibus
409 1664 567 1707 viribus
597 1665 747 1706 enixus
786 1668 862 1706 est.
923 1662 1071 1717 Itaque
1109 1668 1263 1719 poetae
1300 1664 1559 1707 carminibus
1595 1667 1680 1708 suis

184 1732 241 1777 ad
278 1746 400 1776 usum
436 1732 705 1789 imperatoris
748 1730 969 1774 translatis
1003 1735 1050 1773 ut
1085 1732 1198 1774 cives
1235 1730 1291 1774 ad
1335 1731 1449 1775 illius
1493 1744 1703 1776 amorem-

185 1801 480 1858 perducerent‚
509 1801 654 1842 omnia
673 1801 764 1842 eius
791 1800 908 1842 facta
935 1798 1134 1842 laudibus
1164 1800 1374 1854 prosecuti
1405 1805 1502 1842 sunt
1531 1806 1574 1843 et
1602 1802 1680 1843 im·
1727 1804 1730 1807 ’

182 1869 344 1926 perium
377 1869 466 1911 eius
498 1872 864 1921 consecraverunt,
896 1868 959 1910 ita
987 1871 1034 1909 ut
1062 1867 1247 1920 origines
1277 1867 1366 1910 eius
1397 1867 1453 1910 ad
1483 1867 1585 1912 deos
1616 1883 1680 1912 re-

181 1938 365 1980 serentes
386 1937 507 1978 illum
537 1937 624 1978 iam
657 1936 961 1990 antiquissimis
991 1935 1253 1991 temporibus
1284 1935 1338 1978 ab
1369 1936 1474 1991 ipsis
1503 1936 1594 1980 deis
1624 1937 1680 1980 ad

181 2006 406 2062 imperium
436 2003 696 2048 destinatum
727 2018 778 2047 ac
809 2004 1022 2047 delectum
1052 2017 1143 2047 esse
1173 2003 1474 2058 confingerent.

318 2073 424 2116 Cum
461 2078 603 2116 autem
646 2073 726 2115 hoc
763 2072 889 2114 modo
927 2072 1052 2115 rebus
1090 2072 1385 2128 praesentibus
1427 2075 1680 2129 praeteritas

181 2146 459 2185 annecterent
496 2146 621 2196 atque
660 2140 939 2195 adiungerent
990 2141 1225 2196 civiumque
1263 2141 1427 2184 animos
1463 2141 1519 2184 ad
1570 2143 1680 2185 anti-

136 2242 139 2244 ·
180 2211 387 2267 quitatem
418 2213 725 2264 converterent,
769 2210 901 2253 etiam
931 2209 1109 2263 Augusti
1146 2223 1269 2253 curas
1306 2211 1680 2272 persequebantur,

97 2298 101 2300 ·
146 2323 155 2327 ,
180 2277 224 2321 id
242 2279 421 2332 agentis,
443 2283 490 2320 ut
505 2279 771 2333 antiquorum
789 2290 926 2321 mores
943 2283 985 2321 et
1002 2278 1225 2335 pristinam
1241 2276 1494 2321 modestiam
1513 2279 1557 2321 in
1579 2279 1680 2322 civi-

108 2394 113 2397 ,
179 2350 315 2391 tatem
348 2347 519 2390 luxuria
554 2356 798 2404 corruptam
842 2346 1080 2400 reduceret3
1127 2351 1253 2401 atque
1288 2347 1377 2389 vita
1412 2347 1680 2402 moribusque

181 2416 451 2470 antiquorum
486 2414 711 2472 descriptis
752 2414 796 2457 id
828 2416 1013 2458 maxime
1049 2413 1295 2469 docuerunt,
1341 2414 1679 2469 magnitudinem

180 2487 224 2526 et
253 2494 356 2540 opes
387 2484 534 2539 populi
563 2483 744 2527 Romani
776 2485 818 2527 in
850 2484 1057 2527 maiorum
1085 2484 1240 2526 virtute
1270 2484 1432 2540 positas
1462 2498 1566 2527 esse.

315 2550 438 2593 Hanc
458 2553 668 2595 rationem
691 2557 818 2607 atque
839 2553 1062 2595 consilium
1083 2550 1129 2595 P
1146 2551 1323 2605 Vergilii
1354 2553 1546 2595 carmina
1575 2566 1680 2617 prae

178 2612 225 2662 se
254 2612 412 2682 ferunt:
457 2619 500 2661 in
532 2619 723 2663 Aeneide
763 2621 877 2663 enim
914 2621 1143 2677 praecipue
1178 2624 1349 2674 gentem
1383 2619 1544 2664 Juliam
1580 2632 1680 2663 con-

139 2710 145 2736 2
180 2687 351 2741 sectari,
383 2686 501 2730 facta
521 2692 564 2731 et
583 2702 708 2733 casus
736 2690 884 2746 populi
904 2689 1087 2733 Romani
1119 2689 1295 2732 crebris
1305 2689 1680 2733 vaticinationibus
