1945 3041
138 368 382 430 affunde-nte
431 370 698 429 Propertium
745 369 926 414 Romam
981 369 1129 414 urbem
1187 371 1498 428 periegetarum
1549 376 1672 415 'more

138 483 148 497 „
174 437 450 496 'descripsisse
492 439 658 494 volunt,
695 440 852 496 quippe
889 452 1065 495 quorum
1102 452 1257 482 causae
1286 440 1401 483 leves
1431 453 1523 483 esse
1553 439 1672 483 vide-

151 510 347 559 -anturss·
392 507 504 553 Nam
539 508 662 552 illum
698 508 966 566 »hospitem«,
1012 522 1137 564 quem
1186 515 1315 566 poeta
1362 510 1406 552 in
1456 510 1672 566 prooemio

127 626 129 629 Α
175 579 377 621 carminis
406 578 530 634 primi
563 578 804 633 alloquitur,
836 592 863 621 a
891 590 972 633 quo
1002 578 1336 634 Luettgjohannes
1372 577 1673 621 documentum

83 655 107 668 ··
175 647 413 691 sententiae
444 659 545 690 suae
576 647 738 703 petivit,
784 651 955 704 poetam
987 647 1090 690 artis
1134 660 1265 690 causa
1308 646 1526 690 induxisse
1555 651 1671 704 puto,

174 714 435 770 utaliquem
466 713 654 769 haberet,
686 716 753 758 eui
784 714 1108 770 demonstraret,
1139 720 1346 770 quantum
1371 716 1471 759 urbs
1491 715 1672 770 Augusti

39 796 55 818 «⁴
80 798 83 799 ⁷
121 826 125 829 Α
155 781 363 840 ,differret
393 784 448 827 ab
477 775 565 828 illis
585 785 728 841 parvis
747 785 900 838 initiis3
930 784 1056 840 quale
1083 784 1322 840 artificium,
1344 788 1391 828 ut
1410 786 1671 829 enumeratio

0 837 72 911 ξ
175 852 300 896 exilis
346 857 472 908 atque
517 853 639 896 arida
683 853 761 896 fiat
803 853 946 896 vivida
982 867 1034 896 ac
1070 853 1219 910 plena,
1250 854 1420 910 saepius
1466 868 1493 897 a
1536 854 1673 910 poetis

0 903 66 990 ξῖ]
177 916 369 964 adhiberi
415 923 508 977 quis
551 927 616 964 est
651 924 721 977 qui
757 921 950 965 nesciat?
1025 922 1165 977 Atque
1210 921 1361 964 eodem
1405 921 1582 965 consilio
1626 922 1671 964 in

0 1013 45 1049 χ
175 989 310 1032 altero
349 991 538 1033 carmine
568 990 849 1033 Vertumnum
891 994 1019 1047 poeta
1063 1001 1207 1034 coram
1243 990 1368 1033 turba
1406 995 1505 1033 aute
1542 989 1673 1046 pedes

0 1052 65 1113 ἵῗὲιῖ-ζῗ
174 1053 422 1101 transeunte
468 1057 535 1101 de⁴
566 1072 643 1102 sua
678 1057 822 1102 indole
859 1063 986 1115 atque
1022 1059 1183 1113 origine
1219 1057 1509 1115 disputantem
1553 1058 1670 1102 facit.

0 1124 61 1194 ξι
155 1124 264 1191 ’.Ηοο
292 1128 421 1181 igitur
451 1126 632 1170 artificio
663 1131 831 1170 tantum
859 1129 904 1170 in
935 1128 995 1171 eis
1027 1128 1285 1171 carminibus
1315 1132 1445 1184 poeta
1474 1141 1574 1171 usus
1594 1132 1671 1181 est,

174 1195 327 1251 quibus
369 1195 538 1251 singula
573 1197 838 1253 persequitur
875 1200 1000 1252 atque
1045 1200 1285 1250 enumerat3
1334 1197 1484 1239 ceteris
1529 1200 1672 1239 autem

172 1263 278 1306 locis
308 1268 429 1307 tanto
460 1263 610 1307 ardore
640 1265 864 1318 excitatur,
896 1269 941 1308 ut
976 1265 1051 1307 illo
1089 1264 1334 1308 adiumento
1379 1265 1483 1308 artis
1528 1278 1672 1307 carere

173 1334 319 1389 possit.
380 1331 491 1376 Num
529 1338 671 1376 autem
707 1333 876 1376 illorum
918 1333 1127 1376 duorum
1172 1334 1408 1376 carminum
1451 1334 1588 1375 forma
1631 1338 1674 1375 et

174 1401 344 1445 habitus
375 1402 497 1444 nobis
528 1402 631 1444 satis
662 1415 817 1444 causae
847 1415 939 1444 esse
970 1407 1121 1458 potest,
1153 1416 1227 1444 cur
1253 1401 1475 1444 credamus
1506 1402 1694 1444 omnia·

173 1471 368 1514 carmina
426 1469 622 1513 Romana
680 1470 944 1526 periegeseos
1003 1472 1147 1524 generi
1215 1470 1488 1514 attribuenda
1553 1469 1672 1513 esse?

172 1537 366 1582 Minime!
425 1538 750 1594 Luettjohannis
794 1540 922 1592 igitur
967 1540 1181 1582 sententia
1224 1539 1418 1599 dimissa,
1456 1553 1509 1581 ea
1543 1538 1673 1581 verba

173 1608 307 1650 secuti
344 1621 452 1662 quae
489 1611 618 1664 poeta
651 1608 745 1663 ipse
782 1607 1089 1663 pronuntiavit:
1128 1620 1274 1660 „sacra
1309 1607 1482 1662 diesque
1518 1621 1673 1650 canam

0 1674 39 1727 2513
175 1677 430 1730 cognomina
476 1677 617 1732 prisca
662 1676 872 1718 locorum“
920 1690 1016 1717 cum
1046 1675 1321 1730 Hertzbergio
1370 1680 1413 1718 et
1456 1675 1673 1718 Krahnero

0 1725 47 1810 ξῖ
89 1748 92 1750 ’
173 1745 416 1798 statuimus,
466 1743 732 1800 Propertium
781 1744 963 1798 origines
1018 1748 1061 1786 et
1118 1744 1353 1787 laetissima
1410 1745 1674 1786 incrementa

0 1810 67 1887 ἐκ
173 1813 397 1869 potestatis
432 1812 652 1855 Romanae
696 1812 886 1855 versibus
931 1811 1183 1855 celebrasse.
1249 1811 1484 1855 Exordium
1530 1816 1672 1856 autem

0 1882 105 1960 ᾗ
172 1894 341 1924 sumens
391 1879 447 1924 ad
496 1879 754 1938 explicanda
798 1895 921 1924 sacra
965 1885 1008 1924 et
1051 1882 1225 1924 nomina
1269 1881 1324 1925 ab
1370 1880 1576 1925 aedificiis
1621 1895 1672 1924 ac

171 1950 362 2007 templis,
399 1962 474 1993 suo
510 1951 600 1992 iure
637 1955 767 2006 poeta
803 1951 934 1993 etiam
965 1949 1043 1992 hoc
1074 1951 1261 2006 praefari
1291 1951 1447 2006 potuit:
1481 1950 1673 2003 „moenia

159 2032 355 2074 namque
386 2019 456 2076 pio
487 2030 616 2061 conor
646 2018 871 2075 disponere
900 2020 1057 2062 versu“.

280 2151 283 2153 ι
308 2099 436 2141 Cuius
484 2099 721 2141 carminum
775 2100 977 2152 generis
1035 2098 1278 2155 exemplum
1326 2110 1411 2140 non
1461 2112 1488 2140 a
1537 2099 1673 2154 poetis

99 2199 107 2207 .
170 2165 388 2220 Romanis,
418 2167 488 2222 qui
509 2166 668 2209 similes
699 2180 850 2209 causas
881 2171 1182 2221 tractaverunt,
1212 2166 1287 2210 sed
1318 2167 1373 2209 ab
1406 2166 1480 2208 illo
1508 2165 1672 2208 Graeco

67 2239 119 2282 ,ἵ
171 2240 301 2292 poeta
330 2236 545 2291 repetivit,
583 2248 610 2277 a
639 2247 720 2289 quo
751 2248 795 2277 se
832 2230 1002 2277 omnino
1037 2235 1274 2291 profectum
1303 2248 1394 2278 esse
1424 2234 1672 2290 saepissime

1 2298 115 2355 *23²2
163 2302 388 2358 gloriatur,
419 2303 730 2346 Callimachum
760 2302 868 2346 dice.
