1945 3041
842 205 1189 265 '-42—

291 345 484 391 Varrone
515 327 858 404 deprompsisse?
888 344 1012 401 Quid,
1033 350 1081 390 ut
1100 306 1344 402 exemplum
1365 344 1557 402 afferm,
1586 306 1797 423 Propertii

290 431 328 458 v.
359 414 436 459 25:

690 483 943 533 femineae
977 483 1076 527 loca
1095 462 1245 527 clausa
1274 482 1398 526 deae

291 558 354 596 est
384 553 502 596 aliud
532 554 614 595 nisi
644 551 882 595 Plutarchi:
912 550 1026 600 θεὸς
1052 551 1300 607 ywanus-512?
1763 587 1767 591 .
1872 596 1874 598 ¹

427 620 587 664 Tamen
619 624 792 677 poetam
813 624 1111 674 argumentum
1132 633 1185 667 ex
1206 617 1399 663 Varrone
1429 594 1609 676 petitum
1639 605 1692 664 de
1720 608 1878 682 sno',{·{'

289 689 487 745 poeticis,
524 693 572 731 ut
606 689 669 731 ita
704 686 867 742 dicam,
904 684 1140 730 coloribus
1151 689 1381 730 exornasse
1417 688 1510 742 quis
1545 687 1750 750 miretur?
1764 687 1816 745 ι)·

288 755 338 800 In
369 758 560 801 oratione
587 755 759 820 quidem
778 755 1087 800 conformanda
1115 756 1301 812 saepius,
1337 760 1384 799 ut
1412 755 1500 800 fere
1530 755 1652 813 solet,
1680 746 1795 811 Ver-

287 825 437 879 gilium
467 838 537 868 ac
549 817 776 879 Tibullum,
814 825 971 882 quippe
1002 836 1179 880 quorum
1215 825 1409 873 carmina
1444 825 1614 882 penitus
1651 826 1804 885 animo*
1825 836 1859 869 “·.,

290 893 540 950 complexus
577 898 708 947 esset,
745 898 915 937 secutus
952 897 1028 937 est.
1088 892 1144 936 Ut
1180 892 1261 952 hoc
1297 891 1653 948 demonstremus,
1683 890 1822 945 satis<
1879 938 1905 944 ..

287 961 507 1016 habemus,
538 974 611 1021 eos
631 954 747 1005 locos
769 974 1001 1019 apponere,
1032 961 1183 1017 quibus
1204 958 1302 1028 illos
1331 974 1429 1007 eum
1458 962 1672 1010 imitatum
1702 959 1794 1006 esse
1925 967 1945 1005 ‘t‘

285 1030 467 1074 fortasse
497 1029 692 1073 conicere
725 1026 1892 1074 licet:

500 1156 504 1160 .
529 1121 596 1166 Pr.
617 1120 694 1166 26:
727 1123 901 1179 impune
930 1126 974 1165 et
1003 1121 1133 1166 nullis
1163 1134 1288 1165 sacra
1318 1123 1479 1165 retecta
1509 1122 1621 1187 viris.

388 1189 478 1233 Tib.
502 1189 532 1234 I.
556 1189 596 1245 6,
617 1187 693 1233 22:
725 1203 849 1233 sacra
871 1190 1008 1233 bonae
1029 1190 1219 1234 maribus
1249 1201 1333 1232 non
1361 1188 1561 1233 adeunda
1581 1189 1701 1234 deae.

422 1281 490 1325 Pr.
511 1279 587 1324 38:
618 1282 693 1325 ille
723 1295 801 1336 ego
833 1296 925 1325 sum
957 1306 1013 1312 —-
1043 1280 1225 1325 Alciden
1255 1286 1371 1324 terra
1400 1286 1576 1338 recepta
1605 1286 1742 1325 vocat.

284 1350 374 1394 Tib.
398 1349 429 1395 I.
451 1349 491 1405 6,
512 1349 586 1394 31:
619 1351 692 1394 ille
722 1364 800 1406 ego
832 1365 925 1394 sum
945 1375 997 1381 -
1022 1365 1101 1395 nec
1122 1364 1189 1394 me
1210 1351 1299 1394 iam
1319 1349 1460 1394 dicere
1479 1364 1582 1394 vera
1601 1349 1791 1408 pudebit.

422 1441 490 1484 Pr.
511 1440 586 1484 53:
620 1441 754 1485 Parce
784 1442 937 1496 oculis,
973 1442 1147 1498 hospes,
1185 1442 1364 1497 lucoque
1394 1441 1578 1487 abscede
1607 1433 1807 1485 verendo
1838 1441 1849 1458 ³

284 1509 374 1553 Tib.
397 1509 429 1552 I.
450 1507 492 1564 2,
513 1508 588 1552 33:
621 1510 785 1567 parcite
815 1509 1060 1564 luminibus,
1091 1522 1165 1553 seu
1195 1510 1257 1552 vir
1286 1522 1361 1553 seu
1390 1509 1550 1553 femina
1579 1503 1669 1553 fiat*

647 1579 791 1621 obvia:
824 1579 954 1621 celari
984 1578 1075 1621 vult
1104 1592 1182 1621 sua
1212 1578 1325 1628 furta
1354 1577 1511 1620 Venus.

284 1646 337 1689 cf.
360 1646 487 1700 Verg.
508 1645 581 1691 VI.
603 1644 708 1690 258:
740 1645 889 1703 procul
919 1658 957 1701 0,
989 1646 1137 1703 procul
1168 1650 1270 1700 este,
1301 1645 1484 1703 profani,

594 1714 838 1758 conclamat
866 1719 999 1768 vates,
1030 1718 1202 1768 totoque
1233 1713 1427 1757 absistite
1456 1714 1566 1756 luco,

283 1804 351 1848 Pr.
372 1803 448 1848 45:
481 1806 546 1848 sin
564 1806 753 1862 aliquam
767 1806 990 1862 vultusque
1011 1820 1130 1850 meus
1151 1810 1379 1861 saetaeque
1395 1805 1599 1849 leonis—
1617 1809 1788 1850 terrent.

282 1873 407 1928 Verg.
430 1871 543 1919 VIII.
565 1872 668 1918 266.
713 1875 916 1920 terribilis
960 1875 1124 1930 oculos,
1169 1874 1330 1918 voltum
1374 1874 1612 1929 villosaque
1657 1874 1797 1938 saetis>
1845 1879 1945 1950 {hg1

712 1948 890 2000 pectora
918 1943 1115 1987 semiferi.
1524 1996 1526 2001 Ι
1743 1968 1767 1985 .‹
1791 1986 1793 1990 ,
1839 1974 1854 1990 Χ.
1877 1991 1881 1993 ,
1907 1950 1945 1982 ,ἐι

419 2067 450 2112 ι)
476 2078 508 2104 v.
532 2067 657 2112 57l58:
683 2077 838 2113 magno
863 2066 1019 2102 Tiresias
1044 2066 1214 2113 adspexit
1231 2065 1382 2119 Pallada
1405 2067 1517 2109 vates,
1726 2040 1728 2043 ι
1799 2120 1801 2122 ‚
1848 2065 1945 2116 ⁸354

686 2123 796 2161 sortia
819 2124 904 2159 dum
928 2123 1050 2170 posita
1074 2123 1242 2173 Gorg'one
1266 2122 1422 2159 membra
1446 2121 1554 2166 lavat,
1873 2143 1877 2147 -

281 2191 360 2216 sese
383 2181 430 2216 ad
455 2180 715 2217 Callimachum
739 2180 955 2227 applicavit,
980 2181 1026 2217 cf.
1051 2180 1180 2228 Hymn.
1205 2181 1241 2216 in
1267 2179 1616 2217 1av.Pa11.v.101:

406 2237 481 2288 Ὅς
507 2252 558 2282 κε
588 2239 664 2282 wv'
697 2236 944 2292 ἀθανάτων,
973 2236 1056 2283 δ’κα
1081 2255 1142 2296 μη
1175 2237 1289 2288 θεὸς
1318 2235 1467 2287 αὕτὸς-
1478 2235 1638 2295 ἕληται,
1687 2267 1690 2270 -
1715 2240 1718 2242 ’

415 2305 621 2365 Ἅθρήσῃ,
648 2308 826 2364 μισθῷ
853 2308 1002 2351 τοῦτον
1033 2307 1142 2350 ῖδεῢν
1169 2304 1383 2364 μεγάλῳ.

280 2386 325 2422 cf.
351 2386 456 2423 IIom.
480 2386 582 2425 Iliad.
606 2386 680 2422 XX.
699 2385 783 2424 131.
811 2376 999 2430 χαλεποὶ
1030 2373 1080 2420 δὲ
1108 2375 1215 2420 θεοὶ
1241 2376 1484 2435 φαυνεσθαι
1515 2368 1725 2444 ἐναργεῖς.
1753 2424 1755 2426 ,
