1945 3041
275 307 400 351 posse
431 295 626 339 arbitror.
688 295 826 349 Atque
862 300 978 338 recte
1015 292 1232 346 iudicavit,
1269 294 1462 348 quintum
1493 293 1649 337 librum
1693 289 1749 341 no

275 376 303 406 a
333 364 464 421 poeta
492 364 585 420 ipso
615 363 836 418 vulgatum
864 375 972 417 esse,
1012 363 1130 406 cuius
1166 363 1227 406 rei
1263 361 1565 406 documentum
1603 354 1646 406 in
1685 375 1763 420 per

273 433 517 477 turbatione
562 433 799 476 carminum
829 431 991 476 ordinis
1036 432 1221 490 positum
1264 435 1339 475 est.
1429 428 1540 474 Nam
1582 431 1668 475 illa>
1701 422 1752 494 se'

274 502 481 555 carmina,
511 514 686 556 quorum
709 505 964 555 argumenta
983 502 1028 544 in
1048 500 1174 544 rebus
1194 500 1400 544 Romanis
1428 500 1592 545 versari
1611 500 1744 545 scimu

273 571 395 625 quasi
425 570 619 614 membra
648 569 860 624 quaedam
891 570 1016 612 unius
1047 569 1235 626 corporis
1266 581 1357 612 esse
1396 562 1671 612 manifestum
1701 559 1783 617 est.

272 638 365 690 Qua
395 643 538 682 autem
581 639 747 683 ratione
784 638 948 683 factum
983 651 1075 681 esse
1112 636 1349 691 credamus,
1394 641 1441 680 ut
1475 636 1554 681 illa
1587 628 1819 697 membras}
1889 661 1904 670 α

274 707 454 751 disiecta
485 709 584 762 sint,
622 713 668 751 ut
699 709 892 751 carmina
922 719 1006 750 non
1037 706 1240 764 deinceps
1270 705 1401 760 edita,
1438 704 1513 749 sed
1550 705 1648 750 aliis
1685 719 1780 750 car-
1799 700 1826 753 ἧς

272 776 456 820 minibus
502 777 545 820 in
599 776 884 821 dissimillimo
932 780 1181 831 argumento
1225 773 1509 820 versantibus
1537 771 1818 835 interrupta„-

271 845 384 889 sint?
409 863 413 867 ⁴
445 846 568 889 Certe
600 846 733 890 nulla.
794 844 944 901 Itaque
973 845 1299 889 Lachmannum
1329 850 1497 888 secutus
1527 848 1643 901 puto,
1669 841 1780 901 'post
1807 857 1815 869 ··

270 920 451 958 mortem
472 919 625 971 poetae
654 915 709 959 ab
742 915 891 959 amicis
922 918 1064 958 rectae
1095 915 1273 958 rationis
1303 913 1550 970 expertibus
1579 907 1778 958 ultimum
1802 957 1813 963 ,,

268 984 424 1027 librum
454 985 498 1026 in
529 984 668 1026 lucem
699 985 899 1027 emissum
929 996 1050 1030 esse..
1886 973 1893 981 ’

406 1051 490 1095 Sed
528 1051 654 1095 aliter
696 1051 972 1096 iudicandum
1017 1057 1082 1095 est
1126 1051 1179 1095 de
1223 1051 1490 1095 Lachmanni
1536 1051 1776 1094 sententiae

270 1120 409 1163 altera
439 1125 574 1177 parte,
622 1134 706 1175 qua
743 1121 948 1173 carmina,
986 1124 1132 1177 utpote
1170 1133 1279 1176 quae
1316 1123 1518 1163 contextu
1569 1120 1779 1164 sermonis
1858 1174 1859 1177 Ἴ

268 1194 477 1242 carerent,
523 1201 608 1232 non
652 1189 876 1233 elaborata
919 1188 994 1233 sed
1035 1190 1210 1246 incepta
1246 1193 1412 1232 tantum
1456 1192 1503 1231 et*
1543 1187 1697 1241 forma,
1720 1201 1775 1232 ac
1826 1183 1860 1210 Ψ

267 1259 409 1314 specie
433 1257 692 1302 adumbrata
713 1272 740 1302 a
760 1263 890 1318 poeta
909 1263 1086 1315 repente
1108 1262 1271 1301 mortuo
1294 1256 1500 1301 derelicta
1529 1270 1622 1301 esse
1651 1256 1772 1309 dixit.
1860 1304 1864 1310 .

270 1326 399 1370 Cuius
429 1327 575 1371 iudicii
614 1328 840 1371 severitate
877 1327 1052 1370 adducti
1089 1327 1166 1370 viri
1212 1325 1341 1381 docti,
1386 1327 1457 1382 qui
1499 1340 1594 1370 eum
1639 1327 1799 1381 secuti·

266 1400 378 1449 sunt,
409 1396 507 1439 libri
530 1401 728 1440 naturam
750 1402 877 1452 atque
900 1395 1088 1439 indolem
1117 1395 1444 1450 diligentissime
1475 1399 1772 1449 excusserunt3
1864 1389 1866 1392 ’

265 1477 441 1519 quorum
473 1465 545 1508 alii
596 1464 768 1519 quidem
805 1466 919 1509 ultra
949 1464 1214 1508 Lachmanni
1259 1464 1517 1507 sententiam
1561 1464 1773 1520 progressi

264 1538 399 1576 totuin
437 1534 593 1577 librum
630 1539 677 1577 ut
713 1535 920 1591 puerilem
964 1539 1007 1578 et
1051 1539 1181 1591 poeta
1225 1532 1449 1588 indignum
1496 1547 1523 1577 a
1552 1533 1772 1589 Propertio
1862 1522 1870 1527 ⁴

265 1601 671 1658 abiudicaverunt¹),
703 1603 779 1647 alii
799 1603 1066 1647 Lachmanui
1097 1616 1250 1663 causas
1280 1602 1525 1647 refellentes
1555 1606 1675 1647 recta
1698 1606 1770 1650 vat·
1868 1658 1873 1661 .

262 1684 343 1725 que
365 1677 570 1715 accurata
591 1673 945 1729 interpretatione
976 1671 1312 1729 explicaverunt,
1343 1672 1580 1715 sententias
1590 1670 1772 1728 “optime
1869 1668 1945 1740 ᾗζᾷἓ

263 1739 550 1795 cohaerere²);
582 1740 694 1796 quod
715 1753 812 1785 vero
835 1741 1030 1785 nonnulli
1050 1741 1134 1784 loci
1165 1742 1335 1798 penitus
1364 1734 1562 1795 intellegi
1592 1754 1645 1784 ac
1675 1753 1772 1797 per-
1860 1731 1945 1778 ²³²³}

262 1810 368 1865 spici
392 1821 476 1852 non
498 1815 686 1866 possent,
717 1811 854 1864 magis
874 1810 1107 1863 scribarum
1131 1810 1427 1864 neglegentiae
1457 1822 1586 1864 quam
1617 1812 1772 1866 poetae

260 1877 363 1919 vitio
402 1877 675 1920 tribuendum
713 1892 817 1922 esse.
878 1877 1068 1921 Metricis
1113 1882 1257 1922 autem
1303 1878 1415 1921 curis
1457 1876 1571 1921 hunc
1615 1876 1773 1921 librum

261 1946 473 2001 prioribus
504 1951 671 1989 tantum
701 1952 923 2001 praestare
953 1944 1336 2000 Eschenburgius³)
1367 1947 1648 2001 inquisitione
1671 1939 1769 1989 dili'-

259 2014 513 2067 gentissima
544 2013 863 2070 demonstravit,
895 2020 941 2058 ut
962 2015 1135 2058 ultimus
1156 2015 1265 2058 liber
1285 2015 1410 2069 longe
1439 2015 1772 2071 perfectissimus
1802 2010 1805 2011 ⁷

259 2082 483 2125 habendus
520 2084 588 2125 sit.
656 2082 805 2138 Itaque
841 2084 902 2126 sic
944 2083 1099 2137 iudice,
1146 2087 1320 2139 poetam
1357 2087 1502 2127 aetate
1537 2083 1626 2126 iam
1670 2083 1800 2131 conf
1836 2074 1895 2146 ᾖξ’

258 2148 431 2193 firmata
459 2150 617 2194 librum
648 2152 972 2208 conscripsisse,
1018 2156 1153 2195 morte
1185 2156 1328 2195 autem
1365 2150 1621 2208 impeditum
1664 2164 1795 2205 esse„

257 2219 482 2271 quominus
528 2232 624 2261 eum
670 2219 838 2273 longius
882 2219 1136 2276 produceret
1173 2224 1215 2263 et
1252 2218 1517 2276 perficeretf}
1534 2218 1772 2276 perfectum

257 2285 417 2330 ederet.

394 2388 424 2433 ¹)
453 2388 499 2425 cf.
525 2387 796 2431 Heimreichius‚
828 2387 951 2425 Novae
981 2389 1211 2436 quaestiones
1239 2389 1497 2436 Propertianae
1527 2389 1564 2425 in
1590 2388 1815 2438 Symbousg

254 2444 524 2492 Philologorum
537 2445 780 2482 Bonnensium
794 2457 829 2492 p.
842 2446 921 2484 676.
940 2468 986 2473 ——
1010 2446 1219 2484 Dominicus
1236 2447 1389 2491 Oarutti,
1412 2446 1589 2494 Propertii
1608 2446 1787 2495 Cynthia,
1803 2474 1823 2496 ,K
1863 2438 1934 2493 ψ..εέῙέ

255 2513 336 2538 cum
361 2502 453 2539 libro
477 2502 536 2546 lv,
561 2503 623 2549 qui
645 2502 824 2549 Propertii
849 2504 991 2539 nomine
1015 2504 1139 2543 fertur.
1759 2501 1873 2552 .,“’,.ᾗ,“

393 2555 424 2606 ²)
451 2560 656 2596 Krahnerus
680 2559 856 2607 Philolog.
895 2560 994 2597 Tom.
1019 2561 1064 2597 27
1092 2572 1172 2608 pag.
1198 2562 1253 2600 58.
1301 2561 1496 2628 Brandtius
1529 2531 1769 2606 Quaestione»

252 2604 510 2663 Propertianae
534 2617 634 2655 1880.
1722 2646 1724 2648 -

390 2674 421 2720 ³)
447 2673 535 2709 liber
558 2674 704 2710 miscell.
753 2674 855 2709 Boun
883 2674 983 2710 1864.
1009 2685 1043 2721 p.
1068 2675 1127 2712 88.
