1945 3041
377 289 498 342 Quae
545 304 642 334 cum
685 291 749 334 ita
784 291 888 343 sint,
924 291 995 333 vix
1034 303 1125 333 esse
1161 290 1349 343 videtur,
1381 303 1457 333 cur
1485 299 1754 346 quaeramus,-

245 372 361 409 num
393 359 512 403 cuius
557 358 788 417 praecipuo
826 358 1013 417 impulsu
1049 357 1295 417 Propertius
1325 358 1504 414 elegias
1538 354 1822 420 Romanas-fis]

246 429 545 485 composuerit.
612 426 772 470 Tamen
803 428 997 471 nonnulli
1028 428 1143 470 docti
1172 429 1252 471 viri
1288 428 1531 486 perspicere
1560 429 1751 486 cupiunt,

248 512 275 542 a
312 509 393 554 quo
426 496 482 540 ad
526 496 625 541 illas
669 495 832 551 elegias
868 497 1117 541 scribendas
1154 495 1366 541 adductus
1403 498 1478 551 sit;
1527 496 1639 552 quod
1683 497 1763 541 vix·
1818 503 1821 505 ’

243 565 469 609 diiudicari
501 577 627 622 posse
657 569 774 608 recte
805 564 1106 630 Zingerleius¹)
1138 566 1281 609 sensit.
1323 564 1444 617 Quod
1474 565 1589 609 enim
1615 563 1754 609 sermo

245 641 298 683 et.
324 637 577 690 argumenta
632 633 865 688 elegiarum
904 648 931 676 a
960 633 1150 688 Vergilio
1196 638 1238 677 et
1280 648 1306 677 a
1342 632 1509 677 Tibullo
1553 633 1752 690 pendent,

246 716 330 747 non
351 703 457 747 satis
488 715 645 746 causae
666 702 858 759 praebet,
879 702 991 758 quod
1013 703 1099 745 sive
1121 702 1244 746 huius
1265 703 1351 746 sivc
1372 702 1488 746 illius
1509 703 1753 759 exemplum
1779 711 1825 757 [ἢ
1842 747 1845 749 Α

247 771 522 815 vindicemus.
565 770 724 814 Tamen
747 776 1003 815 nonvcontra
1033 784 1105 815 eos
1136 783 1293 830 pugno,
1315 771 1399 828 qui,
1421 784 1518 814 cum
1548 771 1593 815 in
1614 770 1755 826 elegia
1812 775 1816 780 '
1885 778 1888 782 ’

247 841 406 897 prima,
445 854 554 895 quae
602 845 733 897 caput
778 842 966 897 corporis
1010 840 1212 883 habenda
1248 846 1332 894 est,
1369 840 1506 895 magis
1541 838 1753 883 Tibullum

247 909 364 964 sequi
394 907 603 963 videatur,
634 908 709 951 illo
740 908 896 951 Tibulli
928 910 1117 952 carmine
1148 908 1203 963 ll,
1223 908 1250 952 5
1270 908 1538 965 Propertium
1568 920 1753 951 commo·
1804 944 1806 946 .

242 982 331 1020 tum
363 990 455 1020 esse
486 976 648 1031 dicunt,
679 982 726 1019 ut
756 978 950 1020 carmina
978 977 1176 1020 Romana
1210 981 1428 1033 pangeret.
1489 976 1753 1031 Quamquam
1820 992 1834 1027 ⁷·
1882 967 1945 1025 ⁴3³2

242 1044 463 1102 Gruppii²)
500 1045 822 1088 acerbissimum
853 1044 1056 1089 iudicium
1093 1045 1266 1089 omnino
1311 1051 1397 1088 non
1434 1044 1588 1101 probo:
1650 1044 1752 1098 „Die

240 1113 480 1157 romischen
526 1112 732 1167 Elegieen
783 1112 879 1156 sind
925 1113 1033 1157 alles
1078 1127 1157 1157 nur
1201 1113 1424 1159 schwache
1470 1112 1751 1168 Nachklange

235 1182 360 1238 jener
390 1180 680 1225 Tibullischen
709 1181 859 1236 Elegie
897 1196 953 1225 an
983 1181 1276 1226 Messalinus.“

379 1250 521 1306 Atque
551 1264 657 1305 quas
688 1264 754 1293 res
784 1250 1030 1307 Propertius
1061 1251 1331 1308 potissimum
1362 1252 1622 1295 carminibus
1651 1253 1750 1305 suis,

241 1332 418 1376 quorum
465 1320 563 1374 quin
607 1320 854 1362 continuam
891 1321 1043 1362 seriem
1082 1318 1264 1363 condere
1301 1321 1360 1376 in,
1383 1321 1526 1364 animo
1557 1321 1752 1364 habuerit

242 1389 407 1431 ratione
423 1389 548 1445 primi
565 1388 767 1431 carminis
783 1389 953 1444 penitus
967 1387 1376 1445 perspectadubium
1393 1402 1484 1432 esse
1501 1401 1584 1431 non
1598 1393 1750 1446 potest,

242 1456 507 1501 enarrandas
538 1456 619 1500 sibi
649 1457 937 1513 proposuerit,
969 1458 1060 1513 ipse
1092 1456 1427 1500 luculentissime
1458 1457 1698 1514 profitetur:

302 1524 350 1568 V.
375 1523 415 1580 1,
431 1523 505 1569 692
537 1539 663 1569 sacra
682 1524 857 1580 diesque
877 1540 1033 1568 canam
1053 1526 1310 1579 cognomina
1329 1527 1471 1582 prisca
1490 1526 1679 1569 locorum

241 1605 393 1661 quibus
422 1605 563 1648 verbis
594 1604 894 1659 coniungenda
923 1610 1034 1659 sunt,
1065 1619 1175 1661 quae
1207 1610 1339 1649 antea
1369 1607 1677 1662 pronuntiavit:

448 1685 522 1728 55:
555 1686 725 1729 moenia
755 1699 938 1741 namque
969 1686 1040 1742 pio
1072 1698 1201 1729 conor
1230 1685 1457 1742 disponere
1487 1699 1622 1729 versu.

241 1764 401 1809 Tamen
431 1779 542 1821 quae
571 1765 741 1808 illorum
773 1766 1010 1808 carminum
1042 1766 1150 1808 ratio
1190 1770 1313 1819 esset,
1353 1779 1482 1822 saepe
1518 1766 1596 1808 viri
1634 1765 1751 1808 docti

239 1834 283 1876 in
321 1833 654 1878 controversiam
699 1832 983 1878 adduxerunt.
1042 1833 1344 1878 Lachmannus
1374 1833 1547 1890 quidem
1578 1846 1748 1892 prorsus

240 1903 410 1958 erravit,
442 1917 539 1946 cum
569 1902 838 1960 Propertium
869 1903 1002 1947 fastos
1033 1903 1299 1946 conscribere
1329 1903 1526 1956 voluisse,
1557 1907 1748 1946 secutum

238 1971 361 2015 illum
385 1971 543 2015 Aulum
559 1970 784 2025 Sabinum,
817 1971 879 2036 de·
901 1984 982 2028 quo
1013 1971 1187 2015 Ovidius
1218 1971 1290 2026 (ex
1312 1971 1448 2015 Ponto
1470 1971 1541 2015 IV.
1565 1969 1632 2027 16,
1656 1970 1748 2027 15):

446 2053 600 2107 quique
621 2065 743 2095 suam
763 2051 953 2108 Chrysen
975 2053 1353 2108 imperfectumque
1374 2051 1537 2094 dierum

449 2119 635 2163 deseruit
665 2119 794 2163 celeri
825 2125 960 2163 morte
991 2120 1174 2164 Sabinus
1204 2132 1311 2177 opus

238 2213 291 2242 ex
339 2200 487 2254 quinto
535 2199 646 2242 libro
692 2199 921 2253 colligeret.
989 2199 1108 2250 Quod
1154 2200 1269 2242 enim
1314 2200 1521 2242 fastorum
1564 2200 1751 2242 maxime

238 2268 456 2325 proprium
491 2273 570 2321 est,
608 2272 746 2311 certos
791 2267 882 2312 dies
928 2269 1167 2312 enumerari
1212 2274 1255 2311 et
1299 2267 1491 2320 tractari,
1530 2279 1579 2309 eo
1624 2266 1750 2310 modo

238 2348 320 2392 quo
366 2336 421 2380 ab
453 2335 604 2380 Ovidio
649 2338 810 2380 factum
855 2351 947 2381 esse
993 2338 1172 2392 scimus,
1209 2336 1252 2379 id
1288 2338 1331 2379 in
1364 2335 1572 2393 Propertii
1603 2336 1750 2390 elegiis

237 2405 413 2448 minime
444 2404 504 2448 fit.
552 2405 635 2448 Sed
667 2421 719 2449 ne
750 2407 811 2449 eis
843 2405 1012 2462 quidem
1046 2407 1267 2460 assentior,
1299 2406 1370 2460 qui
1398 2402 1750 2461 Luettjohanne⁸)
1783 2410 1791 2414 ”

375 2530 406 2574 ¹)
430 2528 522 2565 Ovid
546 2528 618 2563 und
645 2529 721 2564 sein
746 2528 971 2564 Verhiiltniss
997 2540 1039 2564 zu
1066 2529 1134 2564 den
1159 2528 1389 2574 Vorgangern
1415 2527 1441 2562 1.
1468 2527 1544 2562 121.

374 2586 406 2632 ²)
430 2584 498 2621 Die
521 2584 700 2622 romische
724 2584 848 2632 Elegio
872 2596 908 2631 p.
932 2585 1010 2623 317.

375 2642 407 2689 ⁸)
432 2641 762 2678 Commentationes
786 2641 1044 2688 Propertianae
1069 2654 1104 2689 p.
1128 2643 1184 2680 47.
